@article{richter2008splints,
   author = {Richter, David},
   affiliation = {Department of Mathematics, MS 5248, Western Michigan University, Kalamazoo, MI 49008-5248, USA},
   journal = {Journal of Geometry},
   publisher = {Birkhäuser Basel},
   issn = {0047-2468},
   keyword = {Mathematics and Statistics},
   pages = {103-117},
   volume = {103},
   issue = {1},
   year = {2012},

  title={Splints of classical root systems},
  archivePrefix = {arXiv},
  eprint={0807.0640}

}

    @article{2010arXiv1007.0318L,
       author = {{Lyakhovsky}, V. and {Nazarov}, A.},
       title = "{Recursive algorithm and branching for nonmaximal embeddings}",
       journal={Journal of Physics A: Mathematical and Theoretical},
       year = 2011,
       numpages={20},
       volume = 44,
       number = 7,
       pages = {075205(20)},
       doi = {10.1088/1751-8113/44/7/075205},
       archivePrefix = "arXiv",
       eprint = {1007.0318},
       primaryClass = "math.RT",
       keywords = {Mathematics - Representation Theory, Mathematical Physics, 17B67 (Primary) 17B10 (Secondary)},
       adsurl = {http://adsabs.harvard.edu/abs/2010arXiv1007.0318L},
       adsnote = {Provided by the SAO/NASA Astrophysics Data System}
    }
      @ARTICLE{2011arXiv1102.1702L,
         author = {{Lyakhovsky}, V. and {Nazarov}, A.},
          title = "{Recursive properties of branching and BGG resolution}",
	  Journal = {Theoretical and Mathematical Physics},
	  Year = 2011,
	  Volume = 169,
	  Number = 2,
	  Pages = {1551-1560},
	  DOI = {10.1007/s11232-011-0132-9},
	  Journal-ISO = {Theor. Math. Phys.},
	  archivePrefix = "arXiv",
          eprint = {1102.1702},
	  primaryClass = "math.RT"
}
      @ARTICLE{2011arXiv1102.1702Lru,
         author = {В.Д.~{Ляховский}, А.~{Назаров}},
          title = "{Рекуррентные свойства ветвления и резольвента Бернштейна–Гельфанда–Гельфанда}",
	  Journal = {Теоретическая и математическая физика},
	  Year = 2011,
	  Volume = 169,
	  Number = 2,
	  Pages = {218-228},
	  archivePrefix = "arXiv",
          eprint = {1102.1702},
	  primaryClass = "math.RT"
}

      @ARTICLE{2011arXiv1112.4354N,
         author = {{Nazarov}, A.},
         title = "{Algebraic properties of CFT coset construction and Schramm-Loewner evolution}",
         journal={Journal of Physics: Conference Series},
         volume={343},
         number={1},
         pages={012085(10)},
         url={http://stacks.iop.org/1742-6596/343/i=1/a=012085},
         year={2012},
	 numpages={10},
         archivePrefix = "arXiv",
         eprint = {1112.4354},
         primaryClass = "math-ph",
         keywords = {Mathematical Physics, Mathematics - Probability, Mathematics - Representation Theory, 60J67, 81T40, 17B68},
      }
      @article{NazarovJETPletters,
        author={{Nazarov}, A.},
	title="{SLE martingales in coset conformal field theory}",
	journal={JETP lett.},
	volume = {96},
	number = {2},
	pages = {93--96},
	year = {2012},
	archivePrefix = "arXiv",
	eprint = {1205.6104},
	primaryClass = "math-ph",
      }


      @article{2012arXiv1204.1855L,
         author = {{Laykhovsky}, V. and {Nazarov}, A.},
         title = "{On affine extension of splint root systems}",
	 archivePrefix = "arXiv",
         eprint = {1204.1855},
	 primaryClass = "math.RT",
	 year={2012},
	 keywords = {Mathematics - Representation Theory, 17B10, 17B22, 20F55},
	 journal={Physics of Particles and Nuclei},
	 volume={43},
	 number={5},
	 pages={676--678}
      }

          @ARTICLE{2011arXiv1111.6787L,
    author = {{Laykhovsky}, V. and {Nazarov}, A.},
    title = "{Fan, splint and branching rules}",
    journal={Zapiski Nauchnykh Seminarov POMI},
    volume={398},
    pages={162--179},
    year={2012},

    archivePrefix = "arXiv",
    eprint = {1111.6787},
    primaryClass = "math.RT",
    keywords = {Mathematics - Representation Theory, 17B10, 17B22, 20F55},
    adsurl = {http://adsabs.harvard.edu/abs/2011arXiv1111.6787L},
    }


@article{дынкин1952полупростые,
  title={Полупростые подалгебры полупростых алгебр Ли},
  author={Дынкин, Евгений Борисович},
  journal={Математический сборник},
  volume={30},
  number={2},
  pages={349--462},
  year={1952},
  publisher={Российская академия наук, Отделение математических наук}
}

@article{dynkin1972semisimple,
  title={Semisimple subalgebras of semisimple Lie algebras},
  author={Dynkin, EB},
  journal={Selected Papers},
  pages={175--308},
  year={1972}
}

@article{dynkin1952semisimple,
  title={Semisimple subalgebras of semisimple Lie algebras},
  author={Dynkin, Evgenii Borisovich},
  journal={Matematicheskii Sbornik},
  volume={72},
  number={2},
  pages={349--462},
  year={1952},
  publisher={Russian Academy of Sciences, Branch of Mathematical Sciences}
}

@article{дынкин1952максимальные,
  title={Максимальные подгруппы классических групп},
  author={Дынкин, Евгений Борисович},
  journal={Труды Московского математического общества},
  volume={1},
  number={0},
  pages={39--166},
  year={1952},
  publisher={Московское математическое общество}
}

@article{dynkin1952maximal,
  title={Maximal subgroups of the classical groups},
  author={Dynkin, Evgenii Borisovich},
  journal={Trudy Moskovskogo Matematicheskogo Obshchestva},
  volume={1},
  pages={39--166},
  year={1952},
  publisher={Moscow Mathematical Society}
}
