@article{cardy2003exact,
  title={Exact results for the universal area distribution of clusters in percolation, Ising, and Potts models},
  author={Cardy, John and Ziff, Robert M},
  journal={Journal of statistical physics},
  volume={110},
  number={1-2},
  pages={1--33},
  year={2003},
  publisher={Springer}
}

@article{richard2001scaling,
  title={Scaling function and universal amplitude combinations for self-avoiding polygons},
  author={Richard, C and Guttmann, AJ and Jensen, Iwan},
  journal={},
  eprint={cond-mat/0107329},
  ArchivePrefix = {arXiv},
  PrimaryClass  = {cond-mat},
  year={2001}
}


@article{cardy2001exact,
  title={Exact scaling functions for self-avoiding loops and branched polymers},
  author={Cardy, John},
  journal={Journal of Physics A: Mathematical and General},
  volume={34},
  number={47},
  pages={L665},
  year={2001},
  publisher={IOP Publishing}
}


@article{cardy2003crossover,
  title={Crossover Scaling Functions for 2d Vesicles, and the Yang--Lee Edge Singularity},
  author={Cardy, John},
  journal={Journal of statistical physics},
  volume={110},
  number={3},
  pages={519--526},
  year={2003},
  publisher={Springer}
}


@article{cardy1994geometrical,
  title={Geometrical properties of loops and cluster boundaries},
  author={Cardy, John},
  journal={},
  eprint={cond-mat/9409094},
  ArchivePrefix = {arXiv},
  PrimaryClass  = {cond-mat},
  year={1994}
}

@article{fateev2000boundary,
  title={Boundary Liouville field theory I. Boundary state and boundary two-point function},
  author={Fateev, V and Zamolodchikov, Alexander and Zamolodchikov, Al},
  journal={},
  eprint={hep-th/0001012},
  ArchivePrefix = {arXiv},
  PrimaryClass  = {hep-th},
  year={2000}
}
