@article{kenyon2006dimers,
  title={Dimers and amoebae},
  author={Kenyon, Richard and Okounkov, Andrei and Sheffield, Scott},
  journal={Annals of mathematics},
  pages={1019--1056},
  year={2006},
  publisher={JSTOR}
}
@article{johansson2002non,
  title={Non-intersecting paths, random tilings and random matrices},
  author={Johansson, Kurt},
  journal={Probability theory and related fields},
  volume={123},
  number={2},
  pages={225--280},
  year={2002},
  publisher={Springer}
}
@article{tavares2015influence,
  title={Influence of boundary conditions on bulk properties of six-vertex model},
  author={Tavares, TS and Ribeiro, GAP and Korepin, VE},
  journal={Journal of Physics A: Mathematical and Theoretical},
  volume={48},
  number={45},
  pages={454004},
  year={2015},
  publisher={IOP Publishing}
}
@article{kenyon2009lectures,
  title={Lectures on dimers},
  author={Kenyon, Richard},
  journal={arXiv preprint arXiv:0910.3129},
  year={2009}
}
@article{tracy1994fredholm,
  title={Fredholm determinants, differential equations and matrix models},
  author={Tracy, Craig A and Widom, Harold},
  journal={Communications in mathematical physics},
  volume={163},
  number={1},
  pages={33--72},
  year={1994},
  publisher={Springer}
}
@article{lieb1967exact,
  title={Exact solution of the problem of the entropy of two-dimensional ice},
  author={Lieb, Elliott H},
  journal={Physical Review Letters},
  volume={18},
  number={17},
  pages={692},
  year={1967},
  publisher={APS}
}
@book{baxter2016exactly,
  title={Exactly solved models in statistical mechanics},
  author={Baxter, Rodney J},
  year={2016},
  publisher={Elsevier}
}
@article{swendsen1987nonuniversal,
  title={Nonuniversal critical dynamics in Monte Carlo simulations},
  author={Swendsen, Robert H and Wang, Jian-Sheng},
  journal={Physical Review Letters},
  volume={58},
  number={2},
  pages={86},
  year={1987},
  publisher={APS}
}

@article{reshetikhin2017integrability,
  title={Integrability of Limit Shapes of the Six Vertex Model},
  author={Reshetikhin, Nicolai and Sridhar, Ananth},
  journal={Communications in Mathematical Physics},
  volume={356},
  number={2},
  pages={535--565},
  year={2017},
  publisher={Springer}
}
@article{reshetikhin2016limit,
  title={Limit shapes of the stochastic six vertex model},
  author={Reshetikhin, Nicolai and Sridhar, Ananth},
  journal={arXiv preprint arXiv:1609.01756},
  year={2016}
}
@inproceedings{allison2005numerical,
  title={Numerical study of the 6-vertex model with domain wall boundary conditions},
  author={Allison, David and Reshetikhin, Nicolai},
  booktitle={Annales de l'institut Fourier},
  volume={55},
  number={6},
  pages={1847--1869},
  year={2005}
}

@article{kenyon2008height,
  title={Height fluctuations in the honeycomb dimer model},
  author={Kenyon, Richard},
  journal={Communications in Mathematical Physics},
  volume={281},
  number={3},
  pages={675},
  year={2008},
  publisher={Springer}
}

@inproceedings{vershik1977kerov,
  title={Asymptotics of the Plancherel measure of the symmetric group and the limiting form of Young tableaux},
  author={Vershik, A M and Kerov, S V},
  booktitle={Soviet Math. Dokl},
  volume={18},
  number={6},
  pages={527--531},
  year={1977}
}

@article{ferrari,
  author={Patrik L Ferrari and Herbert Spohn},
  title={Domino tilings and the six-vertex model at its free-fermion point},
  journal={Journal of Physics A: Mathematical and General},
  volume={39},
  number={33},
  pages={10297},
  year={2006},
  abstract={At the free-fermion point, the six-vertex model with domain wall boundary conditions (DWBC) can be related to the Aztec diamond, a domino tiling problem. We study the mapping on the level of complete statistics for general domains and boundary conditions. This is obtained by associating with both models a set of non-intersecting lines in the Lindström–Gessel–Viennot (LGV) scheme. One of the consequences for DWBC is that the boundaries of the ordered phases are described by the Airy process in the thermodynamic limit.}
}

@article{mangazeev,
title = "On the Yang–Baxter equation for the six-vertex model",
journal = "Nuclear Physics B",
volume = "882",
pages = "70--96",
year = "2014",
issn = "0550-3213",
doi = "https://doi.org/10.1016/j.nuclphysb.2014.02.019",
author = "Vladimir V. Mangazeev"
}

@incollection{kulish1990yang,
  title={Yang--Baxter equation and representation theory: I},
  author={Kulish, PP and Reshetikhin, N Yu and Sklyanin, EK},
  booktitle={Yang-Baxter Equation In Integrable Systems},
  pages={498--508},
  year={1990},
  publisher={World Scientific}
}

@article{pronko2010,
  author={F Colomo and A G Pronko and P Zinn-Justin},
  title={The arctic curve of the domain wall six-vertex model in its antiferroelectric regime},
  journal={Journal of Statistical Mechanics: Theory and Experiment},
  volume={2010},
  number={03},
  pages={L03002},
  year={2010},
  abstract={An explicit expression for the spatial curve separating the region of ferroelectric order ('frozen' zone) from the disordered one ('temperate' zone) in the six-vertex model with domain wall boundary conditions in its antiferroelectric regime is obtained.}
}

@article{bns,
  title = {Determination of the conformal-field-theory central charge by the Wang-Landau algorithm},
  author = {Belov, P. A. and Nazarov, A. A. and Sorokin, A. O.},
  journal = {Phys. Rev. E},
  volume = {95},
  issue = {6},
  pages = {063308},
  numpages = {8},
  year = {2017},
  month = {Jun},
  publisher = {American Physical Society},
  doi = {10.1103/PhysRevE.95.063308}
}

@article{bnsconf,
  author={P A Belov and A A Nazarov and A O Sorokin},
  title={Numerical determination of the CFT central charge in the site-diluted Ising model},
  journal={Journal of Physics: Conference Series},
  volume={929},
  number={1},
  pages={012037},
  year={2017}
}

@article{zj2000,
  title = {Six-vertex model with domain wall boundary conditions and one-matrix model},
  author = {Zinn-Justin, P.},
  journal = {Phys. Rev. E},
  volume = {62},
  issue = {3},
  pages = {3411--3418},
  numpages = {7},
  year = {2000},
  month = {Sep},
  publisher = {American Physical Society},
  doi = {10.1103/PhysRevE.62.3411}
}

@article{vuletic2009generalization,
  title={A generalization of MacMahon’s formula},
  author={Vuleti{\'c}, Mirjana},
  journal={Transactions of the American Mathematical Society},
  volume={361},
  number={5},
  pages={2789--2804},
  year={2009}
}

@article{korepin1982,
author = "Korepin, V. E.",
journal = "Communications in Mathematical Physics",
number = "3",
pages = "391--418",
publisher = "Springer",
title = "Calculation of norms of Bethe wave functions",
volume = "86",
year = "1982"
}

@article{ks2018,
   author = {{Keating}, D. and {Sridhar}, A.},
    title = "{Random Tilings with the GPU}",
  journal = {ArXiv e-prints},
archivePrefix = "arXiv",
   eprint = {1804.07250},
 primaryClass = "cs.OH",
 keywords = {Computer Science - Other Computer Science, Condensed Matter - Statistical Mechanics},
     year = 2018,
    month = apr
}

@article{doi:10.1080/14786436108243366,
    author = { H. N. V.   Temperley  and  Michael E.   Fisher },
    title = {Dimer problem in statistical mechanics-an exact result},
    journal = {The Philosophical Magazine: A Journal of Theoretical Experimental and Applied Physics},
    volume = {6},
    number = {68},
    pages = {1061-1063},
    year  = {1961},
    publisher = {Taylor & Francis},
    doi = {10.1080/14786436108243366},
    URL = {https://doi.org/10.1080/14786436108243366},
    eprint = {https://doi.org/10.1080/14786436108243366}
}


@article{Fowler-1937,
    doi	= {10.1039/TF9373301272},
    title	= {An attempt to extend the statistical theory of perfect solutions},
    author	= {Fowler, R. H.; Rushbrooke, G. S.},
    publisher	= {Royal Society of Chemistry},
    journal	= {Transactions of the Faraday Society},
    issnp	= {0014-7672},
    year	= {1937},
    volume	= {33},
    page	= {1272--},
    url =       {https://doi.org/10.1039/TF9373301272}
}

@article{P.W-1961,
    doi	= {10.1016/0031-8914(61)90063-5},
    title	= {The statistics of dimers on a lattice: I. The number of dimer arrangements on a quadratic lattice},
    author	= {P.W. Kasteleyn},
    publisher	= {Elsevier Science},
    journal	= {Physica},
    issnp	= {0031-8914},
    year	= {1961},
    volume	= {27},
    issue	= {12},
    page	= {1209--1225},
    url =       {https://doi.org/10.1016/0031-8914(61)90063-5}
}

@article{okounkov2000random,
  title={Random matrices and random permutations},
  author={Okounkov, Andrei},
  journal={International Mathematics Research Notices},
  volume={2000},
  number={20},
  pages={1043--1095},
  year={2000},
  publisher={Hindawi Publishing Corporation}
}

@article{kenyon2002laplacian,
  title={The Laplacian and Dirac operators on critical planar graphs},
  author={Kenyon, Richard},
  journal={Inventiones mathematicae},
  volume={150},
  number={2},
  pages={409--439},
  year={2002},
  publisher={Springer}
}

@article{kenyon2000asymptotic,
  title={The asymptotic determinant of the discrete Laplacian},
  author={Kenyon, Richard},
  journal={Acta Mathematica},
  volume={185},
  number={2},
  pages={239--286},
  year={2000},
  publisher={Springer}
}

@article{sridhar2015asymptotic,
  title={Asymptotic Determinant of Discrete Laplace-Beltrami Operators},
  author={Sridhar, Ananth},
  journal={arXiv preprint arXiv:1501.02057},
  year={2015}
}

@article{kenyon2001dominos,
  title={Dominos and the Gaussian free field},
  author={Kenyon, Richard},
  journal={Annals of probability},
  pages={1128--1137},
  year={2001},
  publisher={JSTOR}
}


@article{elkies1992alternating1,
  title={Alternating-sign matrices and domino tilings (Part I)},
  author={Elkies, Noam and Kuperberg, Greg and Larsen, Michael and Propp, James},
  journal={Journal of Algebraic Combinatorics},
  volume={1},
  number={2},
  pages={111--132},
  year={1992},
  publisher={Springer}
}

@article{elkies1992alternating2,
  title={Alternating-sign matrices and domino tilings (Part II)},
  author={Elkies, Noam and Kuperberg, Greg and Larsen, Michael and Propp, James},
  journal={Journal of Algebraic Combinatorics},
  volume={1},
  number={3},
  pages={219--234},
  year={1992},
  publisher={Springer}
}


@article{belov2018finite,
  title={Finite size scaling in the dimer and six-vertex model},
  author={Belov, Pavel and Enin, Aleksandr and Nazarov, Anton},
  journal={arXiv preprint arXiv:1809.05599},
  year={2018}
}

@article{cardy1988finite,
  title={Finite-size dependence of the free energy in two-dimensional critical systems},
  author={Cardy, John L and Peschel, Ingo},
  journal={Nuclear Physics B},
  volume={300},
  pages={377--392},
  year={1988},
  publisher={Elsevier}
}

@drthesis{pronko2017thesis,
title={Корреляционные функции вершинных моделей с фиксированными граничными условиями и их приложения к задачам комбинаторики},
author={Пронько, АГ},
year=2017,
school={PDMI RAS},
url={http://www.pdmi.ras.ru/pdmi/system/files/dissertations/ddthesis-A_G_Pronko-RTM.pdf}
}