#;; -*- mode:Org; coding: utf-8; -*-
* Conformal Field Theory
*** Fundamental papers
***** DONE One of the old papers on conformal invariace
******* DONE Find file Polyakov:1970xd
      @Article{Polyakov:1970xd,
       	 author    = "Polyakov, Alexander M.",
       	 title     = "{Conformal symmetry of critical fluctuations}",
       	 journal   = "JETP Lett.",
       	 volume    = "12",
       	 year      = "1970",
       	 pages     = "381-383",
       	 SLACcitation  = "%%CITATION = JTPLA,12,381;%%"
	 }

***** DONE Read: the First paper on two-dimensional CFT
      [[file:~/books/big/science/CompleteBooks/CFT/BelavinPloyakovZamolodchikov_CFT(1984).pdf][file]] 
      @article{belavin1984ics,
	title={{Infinite conformal symmetry in two-dimensional quantum field theory}},
	author={Belavin, AA and Polyakov, AM and Zamolodchikov, AB},
	journal={Nuclear Physics},
	volume={241},
	pages={333--380},
	year={1984}
	}
***** WZW-models
******* WZW-term proposed, connection with flavours and so on
	[[file:~/books/big/science/CompleteBooks/CFT/Witten_1984.pdf][Witten_1984.pdf]]
	Also everything is discussed in Walton's review
	
      @article{witten1984nab,
        title={{Non-abelian bosonization in two dimensions}},
        author={Witten, E.},
        journal={Communications in Mathematical Physics},
        volume={92},
        number={4},
        pages={455--472},
        year={1984},
        publisher={Springer}
      }
*** Review papers
***** DiFrancesco book
      [[file:~/books/big/science/CompleteBooks/CFT/Di%20Francesco%20P.%20Mathieu%20P.%20Senechal%20D.%20Conformal%20field%20theory.djvu][Di Francesco P. Mathieu P. Senechal D. Conformal field theory.djvu]]

      @book{difrancesco1997cft,
        title={{Conformal field theory}},
        author={Di Francesco, P. and Mathieu, P. and Senechal, D.},
        year={1997},
        publisher={Springer}
      }
***** Walton on WZW-models and affine Lie algebras
      [[file:~/books/big/science/CompleteBooks/CFT/Walton_AffineKacMoodyAlgebrasAndWZWModels(hep-th_9911187v1).pdf][file]]
      @Article{Walton:1999xc,
	author    = "Walton, Mark",
	title     = "{Affine Kac-Moody algebras and the Wess-Zumino-Witten model}",
	year      = "1999",
	journal = {},
	eprint    = "hep-th/9911187",
	archivePrefix = "arXiv",
	SLACcitation  = "%%CITATION = HEP-TH/9911187;%%"
      }
***** [[file:~/books/big/science/CompleteBooks/CFT/Ginsparg_AppliedCFT(hep-th_9108028).pdf][Ginsparg "Applied CFT"]]
      @article{ginsparg1988acf,
        title={{Applied conformal field theory}},
        author={Ginsparg, P.},
        journal={},
        year={1988},
        eprint = 	 {hep-th/9108028}
      
      }
***** [[file:~/books/big/science/CompleteBooks/CFT/Gaberdiel_IntroToCFT(hep-th_9910156).pdf][Gaberdiel_IntroToCFT(hep-th_9910156).pdf]]
      Very mathematical, but useful
      
      @article{gaberdiel2000icf,
        title={{An introduction to conformal field theory}},
        author={Gaberdiel, M.R.},
        journal={Reports on Progress in Physics},
        volume={63},
        number={4},
        pages={607--668},
        year={2000},
        publisher={London, The Institute of Physics.},
        eprint = 	 {hep-th/9910156}
      
      }
***** DONE Read: Kohno - Conformal field theory and topology
      [[file:~/books/big/science/CompleteBooks/CFT/Kohno_-_Conformal_Field_Theory_and_Topology__91s_.pdf][File]]
      Conformal field theory is deeply connected with invariants of three-manifolds, knots and links.
      Partition functions for $sl(2)$ WZW-models give Witten invariants of manifolds including Jones polynomial
      @book{kohno2002conformal,
        title={{Conformal field theory and topology}},
        author={Kohno, T.},
        year={2002},
        publisher={Amer Mathematical Society}
      }
***** TODO Read: Martin Shottenholer - A mathematical introduction to CFT
      [[file:~/books/big/science/CompleteBooks/CFT/Martin%20Shottenholer%20-%20A%20mathematical%20introduction%20to%20CFT.pdf][Martin Shottenholer - A mathematical introduction to CFT]]
      @book{schottenloher2008mathematical,
        title={{A mathematical introduction to conformal field theory}},
        author={Schottenloher, M.},
        year={2008},
        publisher={Springer Verlag}
      }
      
***** DONE Find reference and read: Etingof P., Frenkel I., Kirillov A. (jr.) Lectures on representation theory and Knizhnik-Zamolodchikov equation.
      [[file:~/books/big/science/CompleteBooks/CFT/Etingof%20P.,%20Frenkel%20I.,%20Kirillov%20A.%20(jr.)%20Lectures%20on%20representation%20theory%20and%20Knizhnik-Zamolodchikov%20equation%20(AMS%201998)(K)(ISBN%200821804960)(T)(209s)_MAq_.djvu][file]]
       @book{etingof1998lectures,
         title={{Lectures on representation theory and Knizhnik-Zamolodchikov equations}},
         author={Etingof, P.I. and Frenkel, I. and Kirillov, A.A.},
         year={1998},
         publisher={Amer Mathematical Society}
       }
      
@book{henkel1999conformal,
  title={Conformal invariance and critical phenomena},
  author={Henkel, M.},
  year={1999},
  publisher={Springer Verlag}
}

*** Some applications
     @article{moore1991nonabelions,
       title={Nonabelions in the fractional quantum Hall effect},
       author={Moore, G. and Read, N.},
       journal={Nuclear Physics B},
       volume={360},
       number={2},
       pages={362--396},
       year={1991},
       publisher={Elsevier}
     }
     @article{cox1998exotic,
       title={Exotic Kondo effects in metals: magnetic ions in a crystalline electric field and tunnelling centres},
       author={Cox, DL and Zawadowski, A.},
       journal={Advances in Physics},
       volume={47},
       number={5},
       pages={599--942},
       year={1998},
       publisher={Taylor \& Francis}
     }
     @article{affleck1993exact,
       title={Exact conformal-field-theory results on the multichannel kondo effect: Single-fermion green’s function, self-energy, and resistivity},
       author={Affleck, I. and Ludwig, A.W.W.},
       journal={Physical Review B},
       volume={48},
       number={10},
       pages={7297},
       year={1993},
       publisher={APS}
     }
*** Coset models
    @article{doi:10.1142/S0217751X93001685,
      author = {DUNBAR, DAVID C. and JOSHI, KEITH G.},
      title = {CHARACTERS FOR COSET CONFORMAL FIELD THEORIES AND MAVERICK EXAMPLES},
      journal = {International Journal of Modern Physics A},
      volume = {08},
      number = {23},
      pages = {4103-4121},
      year = {1993},
      doi = {10.1142/S0217751X93001685},
      
      URL = {http://arxiv.org/abs/hep-th/9210122},
      eprint = {hep-th/9210122}
    }
    


* AdS/CFT correspondence
*** Reviews and introduction
***** TODO Read: [[file:~/books/big/science/CompleteBooks/CFT/Aharony,%20Gubser,%20Maldacena,%20Ooguri,%20Oz.%20Large%20N%20field%20theories,%20string%20theory%20and%20gravity%20(PR323,%202000)(204s).pdf][Aharony, Gubser, Maldacena, Ooguri, Oz. Large N field theories, string theory and gravity]]
      Big classical review 
      @Article{Aharony:1999ti,
       	   author    = "Aharony, Ofer and Gubser, Steven S. and Maldacena, Juan
		      	Martin and Ooguri, Hirosi and Oz, Yaron",
       	   title     = "{Large N field theories, string theory and gravity}",
       	   journal   = "Phys. Rept.",
       	   volume    = "323",
       	   year      = "2000",
       	   pages     = "183-386",
       	   eprint    = "hep-th/9905111",
       	   archivePrefix = "arXiv",
       	   doi       = "10.1016/S0370-1573(99)00083-6",
       	   SLACcitation  = "%%CITATION = HEP-TH/9905111;%%"
      }
***** TODO Read: Another review/lectures (D'Hooker)
      [[file:~/books/big/science/CompleteBooks/CFT/hep-th0201253_(Hoker,Freedman,AdS-CFT%20Lectures).pdf][hep-th0201253_(Hoker,Freedman,AdS-CFT Lectures).pdf]]
      @Article{D'Hoker:2002aw,
       	   author    = "D'Hoker, Eric and Freedman, Daniel Z.",
       	   title     = "{Supersymmetric gauge theories and the AdS/CFT
		      	correspondence}",
       	   year      = "2002",
       	   eprint    = "hep-th/0201253",
       	   archivePrefix = "arXiv",
       	   SLACcitation  = "%%CITATION = HEP-TH/0201253;%%"
      }
*** TODO Read: AdS/CFT and WZW
    @Article{Maldacena:2001km,
       	 author    = "Maldacena, Juan Martin and Ooguri, Hirosi",
       	 title     = "{Strings in AdS(3) and the SL(2,R) WZW model. III:
		      Correlation  functions}",
       	 journal   = "Phys. Rev.",
       	 volume    = "D65",
       	 year      = "2002",
       	 pages     = "106006",
       	 eprint    = "hep-th/0111180",
       	 archivePrefix = "arXiv",
       	 doi       = "10.1103/PhysRevD.65.106006",
       	 SLACcitation  = "%%CITATION = HEP-TH/0111180;%%"
    }
    
    @Article{Maldacena:2001ky,
       	 author    = "Maldacena, Juan Martin and Moore, Gregory Winthrop and
		      Seiberg, Nathan",
       	 title     = "{Geometrical interpretation of D-branes in gauged WZW
		      models}",
       	 journal   = "JHEP",
       	 volume    = "07",
       	 year      = "2001",
       	 pages     = "046",
       	 eprint    = "hep-th/0105038",
       	 archivePrefix = "arXiv",
       	 SLACcitation  = "%%CITATION = HEP-TH/0105038;%%"
    }
    
    @Article{Maldacena:2000kv,
       	 author    = "Maldacena, Juan Martin and Ooguri, Hirosi and Son, John",
       	 title     = "{Strings in AdS(3) and the SL(2,R) WZW model. II: Euclidean
		      black hole}",
       	 journal   = "J. Math. Phys.",
       	 volume    = "42",
       	 year      = "2001",
       	 pages     = "2961-2977",
       	 eprint    = "hep-th/0005183",
       	 archivePrefix = "arXiv",
       	 doi       = "10.1063/1.1377039",
       	 SLACcitation  = "%%CITATION = HEP-TH/0005183;%%"
    }
    
    @Article{Maldacena:2000hw,
       	 author    = "Maldacena, Juan Martin and Ooguri, Hirosi",
       	 title     = "{Strings in AdS(3) and SL(2,R) WZW model. I}",
       	 journal   = "J. Math. Phys.",
       	 volume    = "42",
       	 year      = "2001",
       	 pages     = "2929-2960",
       	 eprint    = "hep-th/0001053",
       	 archivePrefix = "arXiv",
       	 doi       = "10.1063/1.1377273",
       	 SLACcitation  = "%%CITATION = HEP-TH/0001053;%%"
    }
* Lie and Kac-Moody algebras
*** Books and classical works
***** Kac
      [[file:~/books/big/science/CompleteBooks/KacMoodyAlgebras/Kac_InfiniteDimensionalLieAlgebras.djvu][file]]
      @book{kac1990idl,
      	title={{Infinite dimensional Lie algebras}},
      	author={Kac, V.G.},
      	year={1990},
      	publisher={Cambridge University Press}
      }
      @article{kac1968simple,
        title={Simple irreducible graded Lie algebras of finite growth},
        author={Kac, V.G.},
        journal={Mathematics of the USSR-Izvestiya},
        volume={2},
        pages={1271},
        year={1968},
        publisher={IOP Publishing}
      }
      @article{moody1968new,
        title={A new class of Lie algebras},
        author={Moody, R.V.},
        journal={Journal of algebra},
        volume={10},
        number={2},
        pages={211--230},
        year={1968},
        publisher={Elsevier}
      }
     @article{macdonald1971affine,
       title={Affine root systems and Dedekind's$\eta$-function},
       author={Macdonald, I.G.},
       journal={Inventiones Mathematicae},
       volume={15},
       number={2},
       pages={91--143},
       year={1971},
       publisher={Springer}
     }
                 
***** Wakimoto
      [[file:~/books/big/science/CompleteBooks/KacMoodyAlgebras/Wakimoto%20M.%20Infinite-dimensional%20Lie%20algebras%20(AMS,%202001)(KA)(ISBN%200821826549)(T)(337s)_MAr_.djvu][First book]]
      @book{wakimoto2001idl,
	title={{Infinite-dimensional Lie algebras}},
	author={Wakimoto, M.},
	year={2001},
	publisher={American Mathematical Society}
      }
      [[file:~/books/big/science/CompleteBooks/KacMoodyAlgebras/Minoru%20Wakimoto%20(Author)%20-%20Lectures%20on%20Infinite%20Dimensional%20Lie%20Algebra%20(1Ed,World%20Scientific,2002,9810241283).pdf][Second book]]
      @book{wakimoto2001lectures,
        title={{Lectures on infinite-dimensional Lie algebra}},
        author={Wakimoto, M.},
        year={2001},
        publisher={World scientific}
      }
***** Kass, Moody, Patera, Slansky book
      [[file:~/study/2008/affine-lie-algebras/book.zip][Volume 1]]
      [[file:~/study/2008/affine-lie-algebras/book][From volume 2]]
      @book{kass1990ala,
        title={{Affine Lie algebras, weight multiplicities, and branching rules}},
        author={Kass, S. and Moody, RV and Patera, J. and Slansky, R.},
        year={1990},
        publisher={Sl}
	}
***** TODO Read: J. Fuchs "Affine Lie Algebras and Quantum Groups
      [[file:~/books/big/science/CompleteBooks/KacMoodyAlgebras/Affine%20Lie%20Algebras%20and%20Quantum%20Groups%20-%20An%20Introduction,%20with%20Applications%20in%20Conformal%20Field%20Theory.djvu][file]]
      @book{fuchs1995affine,
        title={{Affine Lie algebras and quantum groups}},
        author={Fuchs, J.},
        pages={447},
        year={1995}
      }
***** Carter R. Lie Algebras of Finite and Affine Type
      [[file:~/books/big/science/CompleteBooks/KacMoodyAlgebras/Carter%20R.%20Lie%20Algebras%20of%20Finite%20and%20Affine%20Type%20(CUP%202005)(ISBN%200521851386)(T)(651s)_MAr_.djvu][File]]
      Useful strict and simple book with reference pages in the end
      @book{carter2005lie,
        title={{Lie algebras of finite and affine type}},
        author={Carter, R.},
        year={2005},
        publisher={Cambridge University Press}
      }

      [[file:~/books/big/science/CompleteBooks/LieGroups/Dynkin%20-%20Semisimple%20subalgebras%20of%20semisimple%20Lie%20algebras.pdf][file]]
      @article{dynkin1952semisimple,
        title={{Semisimple subalgebras of semisimple Lie algebras}},
        author={Dynkin, E.B.},
        journal={Matematicheskii Sbornik},
        volume={72},
        number={2},
        pages={349--462},
        year={1952},
        publisher={Russian Academie of Sciences}
      }

***** Fulton, Harris
      @book{fulton1991representation,
        title={{Representation theory: a first course}},
        author={Fulton, W. and Harris, J.},
        volume={129},
        isbn={0387974954},
        year={1991},
        publisher={Springer Verlag}
      }
***** Bourbaki
      @book{bourbaki2002lie,
        title={{Lie groups and Lie algebras}},
        author={Bourbaki, N.},
        isbn={3540426507},
        year={2002},
        publisher={Springer Verlag}
      }
      
***** Humphreys
      @book{humphreys1997introduction,
        title={{Introduction to Lie algebras and representation theory}},
        author={Humphreys, J.E.},
        isbn={0387900535},
        year={1997},
        publisher={Springer}
      }
      @book{humphreys2008representations,
        title={{Representations of semisimple Lie algebras in the BGG category O}},
        author={Humphreys, J.E.},
        isbn={0821846787},
        year={2008},
        publisher={Amer Mathematical Society}
      }
      @book{humphreys1992reflection,
        title={{Reflection groups and Coxeter groups}},
        author={Humphreys, J.E.},
        isbn={0521436133},
        year={1992},
        publisher={Cambridge Univ Pr}
      }
                  
***** More papers on general affine Lie algebras properties
      @article{1751-8121-41-36-365204,
        author={Anna Felikson and Alexander Retakh and Pavel Tumarkin},
        title={Regular subalgebras of affine Kac-Moody algebras},
        journal={Journal of Physics A: Mathematical and Theoretical},
        volume={41},
        number={36},
        pages={365204},
        year={2008},
        abstract={We classify regular subalgebras of KacБ─⌠Moody algebras in terms of their root systems. In the process, we establish that a root system of a subalgebra is always an intersection of the root system of the algebra with a sublattice of its root lattice. We also discuss applications to investigations of regular subalgebras of hyperbolic KacБ─⌠Moody algebras and conformally invariant subalgebras of affine KacБ─⌠Moody algebras. In particular, we provide explicit formulae for determining all Virasoro charges in coset constructions that involve regular subalgebras.}
      }
        url={http://stacks.iop.org/1751-8121/41/i=36/a=365204},
  
*** Purely mathematical aspects
      @ARTICLE{2010arXiv1001,
        author = {{Nesterenko}, M. and {Patera}, J. and {Tereszkiewicz}, A.},
        title = "{Orthogonal polynomials of compact simple Lie groups}",
	archivePrefix = {arXiv},
        eprint = {1001.3683},

        keywords = {Mathematical Physics, Mathematics - Classical Analysis and ODEs, Mathematics - Representation Theory},
        year = 2010,
        adsurl = {http://adsabs.harvard.edu/abs/2010arXiv1001.3683N},
        adsnote = {Provided by the SAO/NASA Astrophysics Data System}
      }
      primaryClass = "math-ph",
      
*** Affine Lie algebras applications
***** TODO Read: D'Hokerm Phong on Lax pairs and affine Lie algebras
      [[file:~/books/big/science/CompleteBooks/KacMoodyAlgebras/D'Hoker,%20Phong%20-%20Lax%20pairs%20and%20affine%20lie%20algebras,%20arxiv%2098.pdf][D'Hoker, Phong - Lax pairs and affine lie algebras, arxiv 98.pdf]]
      [[file:~/books/big/science/CompleteBooks/KacMoodyAlgebras/DHoker-AffineLieAlgsAndLaxPairs.pdf][DHoker-AffineLieAlgsAndLaxPairs]]
      @Article{D'Hoker:1998yg,
           author    = "D'Hoker, Eric and Phong, D. H.",
           title     = "{Calogero-Moser Lax Pairs with Spectral Parameter for
                        General Lie Algebras}",
           journal   = "Nucl. Phys.",
           volume    = "B530",
           year      = "1998",
           pages     = "537-610",
           eprint    = "hep-th/9804124",
           archivePrefix = "arXiv",
           doi       = "10.1016/S0550-3213(98)00568-9",
           SLACcitation  = "%%CITATION = HEP-TH/9804124;%%"
      }
      @Article{D'Hoker:1998yh,
           author    = "D'Hoker, Eric and Phong, D. H.",
           title     = "{Calogero-Moser and Toda Systems for Twisted and Untwisted
                        Affine Lie Algebras}",
           journal   = "Nucl. Phys.",
           volume    = "B530",
           year      = "1998",
           pages     = "611-640",
           eprint    = "hep-th/9804125",
           archivePrefix = "arXiv",
           doi       = "10.1016/S0550-3213(98)00569-0",
           SLACcitation  = "%%CITATION = HEP-TH/9804125;%%"
      }
***** TODO Read: Feingold - Fusion rules for affine Kac-Moody algebras
	[[file:~/books/big/science/CompleteBooks/KacMoodyAlgebras/math.qa02122387(Fusion%20rules%20for%20affine%20Kac-Moody%20algebras).pdf][Fusion rules for affine Kac-Moody algebras]]
      @conference{feingold2004fusion,
        title={{Fusion rules for affine Kac-Moody algebras}},
        author={Feingold, A.J.},
        booktitle={Kac-Moody Lie algebras and related topics: Ramanujan International Symposium on Kac-Moody Lie Algebras and Applications, January 28-31, 2002, Ramanujan Institute for Advanced Study in Mathematics, University of Madras, Chennai, India},
        volume={343},
        pages={53},
        year={2004},
        organization={Amer Mathematical Society}
      }
***** Quantum affine Lie algebras and integrable systems
      [[file://home/anton/books/big/science/CompleteBooks/QuantumGroups/9603105v2.pdf][File]]
      @article{antonov1997high,
        title={{High Energy Physics-Theory Title: Quantum Group Representations and Baxter Equation}},
        author={Antonov, A. and Feigin, B.},
        journal={Phys. Lett. B392},
        volume={115},
        pages={122},
        year={1997}
      }
      @article{derk1008,
        title={{Noncompact sl(N) spin chains: Alternating sum representation for finite dimensional transfer matrices}},
        author={Derkachov, S. and Manashov, A.},
	eprint={1008.4734},
        year      = "2010",
        archivePrefix = "arXiv",
	}
      	 
*** Affine Lie algebras and quantum groups
***** TODO [[http://arxiv.org/abs/0806.0687v1][Some paper on duality]]
***** TODO [[http://arxiv.org/abs/math.RT/0206036v2][Antoher paper on Howe duality]]
	    
*** Affine Lie algebras and CFT
***** Conformal embeddings and branching rules
      @article{walton1989conformal,
        title={{Conformal branching rules and modular invariants}},
        author={Walton, M.A.},
        journal={Nuclear Physics B},
        volume={322},
        pages={775--790},
        year={1989}
      }
      @article{altschuler1990branching,
        title={{The branching rules of conformal embeddings}},
        author={Altschuler, D. and Bauer, M. and Itzykson, C.},
        journal={Communications in Mathematical Physics},
        volume={132},
        number={2},
        pages={349--364},
        year={1990},
        publisher={Springer}
      }
      @article{schellekens1986conformal,
        title={{Conformal subalgebras of Kac-Moody algebras}},
        author={Schellekens, AN and Warner, NP},
        journal={Physical Review D},
        volume={34},
        number={10},
        pages={3092--3096},
        year={1986},
        publisher={APS}
      }
******* DONE Cite this paper in physics section
      	@conference{coquereaux2008conformal,
          title={{From conformal embeddings to quantum symmetries: an exceptional SU (4) example}},
          author={Coquereaux, R. and Schieber, G.},
          booktitle={Journal of Physics: Conference Series},
          volume={103},
          pages={012006},
          year={2008},
          organization={Institute of Physics Publishing},
    	  eprint    = {0710.1397},
	  archivePrefix = "arXiv"
      	}
        @Article{Fuchs:2009iz,
             author    = "Fuchs, Jurgen and Runkel, Ingo and Schweigert, Christoph",
             title     = "{Twenty-five years of two-dimensional rational conformal
                          field theory}",
             year      = "2009",
             eprint    = "0910.3145",
             archivePrefix = "arXiv",
             primaryClass  =  "hep-th",
             SLACcitation  = "%%CITATION = 0910.3145;%%"
        }
        @article{1994hepthGannon,
           author = {Gannon, T.},
            title = "{The Classification of SU(3) Modular Invariants Revisited}",
           eprint = {hep-th/9404185},
             year = 1994,
        }
            month = apr

        @article{1995JMPGannon,
           author = {Gannon, T.},
            title = "{Towards a classification of su(2)+...+ su(2) modular invariant partition functions}",
          journal = {Journal of Mathematical Physics},
           eprint = {hep-th/9402074},
             year = 1995,
           volume = 36,
            pages = {675-706},
              doi = {10.1063/1.531148}
        }
            month = feb,

        @article{Goddard198588,
          title = "Virasoro algebras and coset space models",
          journal = "Physics Letters B",
          volume = "152",
          number = "1-2",
          pages = "88 - 92",
          year = "1985",
          note = "",
          issn = "0370-2693",
          doi = "DOI: 10.1016/0370-2693(85)91145-1",
          author = "P. Goddard and A. Kent and D. Olive",
          abstract = "
          A previous construction of unitary representations of the Virasoro algebra is extended and interpreted physically in terms of a coset space quark model. The quaternionic projective spaces HPn-1 yield the complete range of possible values for the central charge when it is less than unity, namely 1 - 6/(n + 1)(n + 2). The supersymmetric extension is also found."
        }
          url = "http://www.sciencedirect.com/science/article/B6TVN-46YSNJV-Y8/2/2e38af2f46fe388e35e96f27363b6c9d",
        @Article{Dunbar:1992gh,
            author    = "Dunbar, David C. and Joshi, Keith G.",
            title     = "{Characters for coset conformal field theories}",
            journal   = "Int. J. Mod. Phys.",
            volume    = "A8",
            year      = "1993",
            pages     = "4103-4122",
            eprint    = "hep-th/9210122",
            archivePrefix = "arXiv",
            doi       = "10.1142/S0217751X93001685",
            SLACcitation  = "%%CITATION = HEP-TH/9210122;%%"
        }
  
        @Article{Hwang:1994yr,
             author    = "Hwang, Stephen and Rhedin, Henric",
             title     = "{General branching functions of affine Lie algebras}",
             journal   = "Mod. Phys. Lett.",
             volume    = "A10",
             year      = "1995",
             pages     = "823-830",
             eprint    = "hep-th/9408087",
             archivePrefix = "arXiv",
             doi       = "10.1142/S0217732395000879",
             SLACcitation  = "%%CITATION = HEP-TH/9408087;%%"
        }      
        @article{hwang1993brst,
          title={The brst formulation of G/H WZNW models},
          author={Hwang, S. and Rhedin, H.},
          journal={Nuclear Physics B},
          volume={406},
          number={1-2},
          pages={165--184},
          year={1993},
          publisher={Elsevier}
        }
        @article{rhedin1996gauged,
          title={Gauged supersymmetric WZNW model using the BRST approach},
          author={Rhedin, H.},
          journal={Physics Letters B},
          volume={373},
          number={1-3},
          pages={76--80},
          year={1996},
          publisher={Elsevier}
        }
                
        @article{lu1994branching,
          title={{The Branching Rules for Affine Lie Algebras}},
          author={Lu, S.},
          journal={Advances in Mathematics},
          volume={105},
          number={1},
          pages={42--58},
          year={1994},
          publisher={New York: Academic Press, 1965-}
        }
  
    
***** Modular invariance in the representation theory of affine Lie algebras
      @article{kac1984infinite,
        title={{Infinite-dimensional Lie algebras, theta functions and modular forms}},
        author={Kac, V.G. and Peterson, D.H.},
        journal={Adv. in Math},
        volume={53},
        number={2},
        pages={125--264},
        year={1984}
      }
      
      [[file:~/books/big/science/CompleteBooks/CFT/Kac,%20Wakimoto%20-%20Modular%20and%20conformal%20invariance%20constraints%20in%20representation%20theory%20of%20affine%20algebras%20(1988).pdf][file]]
      @article{kac1988modular,
	title={{Modular and conformal invariance constraints in representation theory of affine algebras}},
	author={Kac, VG and Wakimoto, M.},
	journal={Advances in mathematics(New York, NY. 1965)},
	volume={70},
	number={2},
	pages={156--236},
	year={1988},
	publisher={Academic Press}
      }

*** Lyakhovsky 

    @article{lyakhovsky1996rra,
      title={{Recursion relations and branching rules for simple Lie algebras}},
      author={Lyakhovsky, VD and Melnikov, S.Y. and others},
      journal={Journal of Physics A-Mathematical and General},
      volume={29},
      number={5},
      pages={1075--1088},
      year={1996},
      publisher={[London]: The Institute of Physics, 1975-c2006.},
      eprint = 	 {q-alg/9505006}
    }
    @Unpublished{lyakhovsky2007dub,
      author = 	 {Lyakhovsky},
      title = 	 {Recurrent properties of affine Lie algebra representations},
      note = 	 {Supersymmetry and Quantum Symmetry, Dubna},
      key = 	 {},
      year = 	 {2007},
      annote = 	 {}
    }
      @article{il2010folded,
        title={{Folded fans and string functions}},
        author={Il'in, M. and Kulish, P.P. and Lyakhovsky, V.D.},
	journal={Zapiski Nauchnykh Seminarov POMI},
        volume={374},
        pages={197--212},
        year={2010},
	publisher={St. Petersburg Department of Steklov Institute of Mathematics, Russian Academy of Sciences},
      }
	url={http://mi.mathnet.ru/eng/znsl3601}
    
    [[file:~/study/2008/affine-lie-algebras/new/0812.2124.pdf][Recursive property of branching rules (Lyakhovsky, Kulish, Ilyin)]]
    @article{ilyin812pbc,
      title={{On a property of branching coefficients for affine Lie algebras}},
      author={Ilyin, M. and Kulish, P. and Lyakhovsky, V.},
      journal={Algebra i Analiz},
      volume={21},
      pages={2},
      year={2009},
      archivePrefix = {arXiv},
      eprint = 	 {0812.2124},
      primaryClass = {math.RT}
    
    }
    [[file:~/study/2008/affine-lie-algebras/sigma_paper.pdf][Paper by Vladimir Lyakhovsky from SIGMA]]
    [[file:~/study/2008/affine-lie-algebras/new/string-functions-10.tex::section%20Examples][tex file, examples]]
    @article{kulish4sfa,
      title={{String Functions for Affine Lie Algebras Integrable Modules}},
      author={Kulish, P. and Lyakhovsky, V.},
      journal={Symmetry, Integrability and Geometry: Methods and Applications},
      volume={4},
      archivePrefix = {arXiv},
      eprint = 	 {0812.2381},
      primaryClass = {math.RT}
    
    }

    [[file:~/books/big/science/CompleteBooks/KacMoodyAlgebras/Lyakhovsky,%20Vasilevich,%20Special%20embeddings.pdf][Lyakhovsky, Vasilevich, Special embeddings.pdf]]
    @article{vasilevich1986method,
      title={{Method of special embeddings for grand unification models}},
      author={Vasilevich, DV and Lyakhovskii, VD},
      journal={Theoretical and Mathematical Physics},
      volume={66},
      number={3},
      pages={231--237},
      year={1986},
      publisher={Springer}
    }
    
*** Computational tools
***** Coxeter/Weyl Maple package
      [[file:~/study/2009/Articles/AffineLieAlgebras/MaplePrograms/coxeter.mpl][coxeter.mpl]]
      @article{stembridge1995mps,
        title={{A Maple package for symmetric functions}},
        author={Stembridge, J.R.},
        journal={Journal of Symbolic Computation},
        volume={20},
        number={5-6},
        pages={755--758},
        year={1995},
        publisher={Elsevier},
      }
        url={http://www.math.lsa.umich.edu/~jrs/maple.html}
      @software{coxweyl,
        title={Coxeter/Weyl packages for Maple},
        author={Stembridge, J.R.},
        url={http://www.math.lsa.umich.edu/~jrs/maple.html}
      }

      [[file:~/books/big/science/CompleteBooks/LieGroups/carswc.ps][carswc.ps]]
      @article{stembridge2001computational,
        title={{Computational aspects of root systems, Coxeter groups, and Weyl characters, Interaction of combinatorics and representation theory, MSJ Mem., vol. 11}},
        author={Stembridge, JR},
        journal={Math. Soc. Japan, Tokyo},
        pages={1--38},
        year={2001}
      }
      [[file:~/books/big/science/CompleteBooks/KacMoodyAlgebras/Gannon%20-%20Algorithms%20for%20affine%20Kac-Moody%20algebras%20(hep-th%200106123v2).pdf][Gannon - Algorithms for affine Kac-Moody algebras]]
      @article{gannon2001algorithms,
        title={{Algorithms for affine Kac-Moody algebras}},
        author={Gannon, T.},
        eprint={hep-th/0106123},
        year={2001}
      }
      [[file:~/books/big/science/CompleteBooks/LieGroups/Casselman%20-%20Machine%20calculations%20in%20Weyl%20groups(1994).pdf][Casselman - Machine calculations in Weyl groups(1994)]]
      @article{casselman1994machine,
        title={{Machine calculations in Weyl groups}},
        author={Casselman, W.A.},
        journal={Inventiones mathematicae},
        volume={116},
        number={1},
        pages={95--108},
        year={1994},
        publisher={Springer}
      }

      @inproceedings{casselman1995automata,
        title={Automata to perform basic calculations in Coxeter groups},
        author={Casselman, WA},
        booktitle={Representations of groups: Canadian Mathematical Society annual seminar, June 15-24, 1994, Banff, Alberta, Canada},
        volume={16},
        pages={35},
        year={1995},
        organization={Canadian Mathematical Society}
      }
      
***** SimpLie
      [[url:http://code.google.com/p/simplie/][SimpLie is a simple program for Lie algebra.]]
      @software{simplie,
        title={SimpLie},
	author={Nutma, TA},
	url={http://code.google.com/p/simplie/}
      }
      
      
***** LiE - fast C program for classical Lie groups/algebras
      [[file:~/study/programs/myself/LiE][LiE]]
      [[file:~/study/programs/myself/literateLiE][literateLiE]]
      @article{vanleeuwen1994lsp,
        title={{LiE, a software package for Lie group computations}},
        author={Van Leeuwen, MAA},
        journal={Euromath Bull},
        volume={1},
        number={2},
        pages={83--94},
        year={1994},
	url={http://www-math.univ-poitiers.fr/~maavl/LiE/}
      }


***** Common Lisp package LambdaTensor
      [[file:~/programing/lambdatensor][lambdatensor]]
      @article{fischbacher2002ilp,
        title={Introducing LambdaTensor1. 0-A package for explicit symbolic and numeric Lie algebra and Lie group calculations},
        author={Fischbacher, T.},
        journal={arXiv preprint hep-th/0208218},
        year={2002}
      }
            
      @article{fischbacher2002ilp0,
        title={{Introducing LambdaTensor1. 0-A package for explicit symbolic and numeric Lie algebra and Lie group calculations}},
        author={Fischbacher, T.},
	journal = {ArXiv e-print},	
	archivePrefix  = "arXiv",
        eprint={hep-th/0208218},
        year={2002}
      }
***** Kac program for CFT
      [[file:~/study/programs/myself/KacMan.pdf][KacMan.pdf]]
      [[file:~/study/programs/myself/kac7_linux_basic][Program]]
      @Article{Fuchs:1996dd,
           author    = "Fuchs, J. and Schellekens, A. N. and Schweigert, C.",
           title     = "{A matrix S for all simple current extensions}",
           journal   = "Nucl. Phys.",
           volume    = "B473",
           year      = "1996",
           pages     = "323-366",
           eprint    = "hep-th/9601078",
           archivePrefix = "arXiv",
           doi       = "10.1016/0550-3213(96)00247-7",
           SLACcitation  = "%%CITATION = HEP-TH/9601078;%%",
        url = 	 {http://www.nikhef.nl/~t58/kac.html}
      }


***** Moody, Patera "Fast recursion formula for weight multiplicities"
      [[file:~/study/2008/affine-lie-algebras/S0273-0979-1982-15021-2.pdf][The paper]]		
      @article{moody1982fast,
        title={{Fast recursion formula for weight multiplicities}},
        author={Moody, RV and Patera, J.},
        journal={AMERICAN MATHEMATICAL SOCIETY},
        volume={7},
        number={1},
        year={1982}
      }

***** Belinfante book on computational methods in Lie algebra theory
      [[file:~/books/big/science/CompleteBooks/LieGroups/Belinfante%20J.G.F.,%20Kolman%20B.%20A%20Survey%20of%20Lie%20Groups%20and%20Lie%20Algebra%20with%20Applications%20and%20Computational%20Methods%20(SIAM,%201987)(ISBN%200898712432)(T)(O)(175s)_MAr_.djvu][file]]
      @book{belinfante1989survey,
        title={{A survey of Lie groups and Lie algebras with applications and computational methods}},
        author={Belinfante, J.G.F. and Kolman, B.},
        year={1989},
        publisher={Society for Industrial Mathematics}
      }
***** Book with the tables for finite-dimensional Lie algebras
      @book{bremner1985tables,
        title={{Tables of dominant weight multiplicities for representations of simple Lie algebras}},
        author={Bremner, MR and Moody, RV and Patera, J.},
        year={1985},
        publisher={Dekker}
      }

*** BGG-resolution
***** Original papers
      @conference{bernstein1975differential,
        title={{Differential operators on the base affine space and a study of $\gamma$-modules, Lie groups and their representations}},
        author={Bernstein, IN and Gelfand, M. and Gelfand, SI},
        booktitle={Summer school of Bolyai Janos Math.Soc.},
        year={1975},
        publisher={Halsted Press, NY}
      }
      @article{bernstein1976category,
        title={{Category of g-modules}},
        author={Bernstein, J. and Gel'fand, I.M. and Gel'fand, S.I.},
        journal={Funktsional'nyi Analiz i ego prilozheniya},
        volume={10},
        number={2},
        pages={1--8},
        issn={0374-1990},
        year={1976},
        publisher={Russian Academy of Sciences, Branch of Mathematical Sciences}
      }
      @article{bernstein1971structure,
        title={{Structure of representations generated by vectors of highest weight}},
        author={Bernstein, IN and Gel'fand, IM and Gel'fand, SI},
        journal={Functional Analysis and Its Applications},
        volume={5},
        number={1},
        pages={1--8},
        issn={0016-2663},
        year={1971},
        publisher={Springer}
      }
                  
***** Generalizations
      @article{lepowsky1977generalization,
        title={{A generalization of the Bernstein-Gelfand-Gelfand resolution}},
        author={Lepowsky, J.},
        journal={J. Algebra},
        volume={49},
        number={2},
        pages={496--511},
        year={1977}
      }
      

* Computer programming
*** Techniques
      @article{knuth1992literate,
        title={{Literate programming}},
        author={Knuth, D.E.},
        year={1992},
        publisher={Citeseer}
      }
      @book{abelson1996structure,
        title={{Structure and interpretation of computer programs}},
        author={Abelson, H. and Sussman, G.J. and Sussman, J.},
        year={1996},
        publisher={Citeseer}
      }
*** Programming languages
      @article{R5RS,
        title={{Revised\^{} 5 Report on the Algorithmic Language Scheme}},
        author={Kelsey, R. and Clinger, W. and Rees, J. and Abelson, H. and Adams IV, NI and Bartley, DH and Brooks, G. and Dybvig, R.K. and Friedman, D.P. and Halstead, R. and others},
        year={2004}
      }
***** Mathematica
      @book{maeder2000computer,
        title={Computer science with Mathematica},
        author={Maeder, R.E.},
        year={2000},
        publisher={Cambridge University Press}
      }

      @book{shifrinmathematica,
        title={Mathematica programming: an advanced introduction},
        author={Shifrin, L.},
	url={http://mathprogramming-intro.org/},
	year={2009}
      }
            
      @unpublished{KallenShortlex,
        title={Computing ShortLex rewite rules with Mathematica},
	author={Wilberd van der Kallen},
	url={http://www.staff.science.uu.nl/~kalle101/ickl/shortlex.html}
      }
            
* My papers
*** Physics and progress 2008
    [[file:~/doc/conf/2008/PhysicsAndProgress/article.tex]]
    @InProceedings{Nazarov2008en,
      author = 	 {Nazarov, A.},
      title = 	 {Comparison of algorithms for construction of representations of Lie algebras},
      year = 	 2008,
      series = 	 {Physics and Progress},
      organization = {SPbSU},
      booktitle = 	 {Physics and Progress},
      url={http://anton_nazarov.fatal.ru/static/articles/2008/physics-and-progress/article.pdf}
    }

    @InProceedings{Nazarov2008,
      author = 	 {А.А.~{Назаров}},
      title = 	 {Сравнение эффективности алгоритмов построения представлений алгебр Ли},
      year = 	 2008,
      series = 	 {Физика и прогресс},
      organization = {СПбГУ},
      booktitle = 	 {Физика и прогресс},
      pages = {71--76},
    }
*** ACSM 2009
    [[file:~/study/2009/Articles/AffineLieAlgebras/ACMS2009/article.tex][Article]]
    @Conference{NazarovACSM2009,
      author = 	 {Nazarov, A.},
      title = 	 {Computational tools for representation theory of affine Lie algebras},
      year = 	 2009,
      series = 	 {ACSM},
      organization = {EIMI},
      pages = {4},
      booktitle = 	 {second Workshop on Advanced Computer Simulation Methods for Junior scientists},
    }  
*** TODO To be published
    @Unpublished{Nazarov2010,
      author = { Nazarov, A.},
      year = 2010,
      title = {Dual systems of functions in representation theory of affine Lie algebras},
    }

    @article{2010arXiv1007.0318L,
       author = {{Lyakhovsky}, V. and {Nazarov}, A.},
       title = "{Recursive algorithm and branching for nonmaximal embeddings}",
       journal={Journal of Physics A: Mathematical and Theoretical},
       year = 2011,
       numpages={20},
       volume = 44,
       number = 7,
       pages = {075205(20)},
       doi = {10.1088/1751-8113/44/7/075205},
       archivePrefix = "arXiv",
       eprint = {1007.0318},
       primaryClass = "math.RT",
       keywords = {Mathematics - Representation Theory, Mathematical Physics, 17B67 (Primary) 17B10 (Secondary)},
       adsurl = {http://adsabs.harvard.edu/abs/2010arXiv1007.0318L},
       adsnote = {Provided by the SAO/NASA Astrophysics Data System}
    }
       month = feb,
       year = 2010,
       month = jul,

      @ARTICLE{2011arXiv1102.1702L,
         author = {{Lyakhovsky}, V. and {Nazarov}, A.},
          title = "{Recursive properties of branching and BGG resolution}",
	  Journal = {Theoretical and Mathematical Physics},
	  Year = 2011,
	  Volume = 169,
	  Number = 2,
	  Pages = {1551-1560},
	  DOI = {10.1007/s11232-011-0132-9},
	  Journal-ISO = {Theor. Math. Phys.},
	  archivePrefix = "arXiv",
          eprint = {1102.1702},
	  primaryClass = "math.RT"
}
      @ARTICLE{2011arXiv1102.1702Lru,
         author = {В.Д.~{Ляховский}, А.~{Назаров}},
          title = "{Рекуррентные свойства ветвления и резольвента Бернштейна–Гельфанда–Гельфанда}",
	  Journal = {Теоретическая и математическая физика},
	  Year = 2011,
	  Volume = 169,
	  Number = 2,
	  Pages = {218-228},
	  archivePrefix = "arXiv",
          eprint = {1102.1702},
	  primaryClass = "math.RT"
}

      @ARTICLE{2011arXiv1112.4354N,
         author = {{Nazarov}, A.},
         title = "{Algebraic properties of CFT coset construction and Schramm-Loewner evolution}",
         journal={Journal of Physics: Conference Series},
         volume={343},
         number={1},
         pages={012085(10)},
         url={http://stacks.iop.org/1742-6596/343/i=1/a=012085},
         year={2012},
	 numpages={10},
         archivePrefix = "arXiv",
         eprint = {1112.4354},
         primaryClass = "math-ph",
         keywords = {Mathematical Physics, Mathematics - Probability, Mathematics - Representation Theory, 60J67, 81T40, 17B68},
      }
      @article{NazarovJETPletters,
        author={{Nazarov}, A.},
	title="{SLE martingales in coset conformal field theory}",
	journal={JETP lett.},
	volume = {96},
	number = {2},
	pages = {93--96},
	year = {2012},
	archivePrefix = "arXiv",
	eprint = {1205.6104},
	primaryClass = "math-ph",
      }


      @article{2012arXiv1204.1855L,
         author = {{Laykhovsky}, V. and {Nazarov}, A.},
         title = "{On affine extension of splint root systems}",
	 archivePrefix = "arXiv",
         eprint = {1204.1855},
	 primaryClass = "math.RT",
	 year={2012},
	 keywords = {Mathematics - Representation Theory, 17B10, 17B22, 20F55},
	 journal={Physics of Particles and Nuclei},
	 volume={43},
	 number={5},
	 pages={676--678}
      }
	 series = 	 {SQS'2011},
	 organization = {JINR},
	 booktitle={Supersymmetries \& Quantum Symmetries},
      
    @inproceedings{LyakhovskyPostnova2011,
      title={Tensor powers for non-simply laced Lie algebras B2-case},
      author={Kulish, P.P. and Lyakhovsky, V.D. and Postnova, OV},
      booktitle={Journal of Physics: Conference Series},
      volume={346},
      number={1},
      pages={012012},
      year={2012},
      organization={IOP Publishing}
    }
    
    @ARTICLE{LyakhovskyPostnova20110,
        author = {{Kulish}, P.~P. and {Lyakhovsky}, V.~D. and {Postnova}, O.~P.},
	title = "{Tensor powers for non-simply laced Lie Algebras \$B\_2\$ case}",
	journal = {ArXiv e-prints},
	archivePrefix = "arXiv",
	eprint = {1106.2002},
	primaryClass = "math.RT",
	keywords = {Mathematics - Representation Theory, 17B10},
	year = 2011,
	adsurl = {http://adsabs.harvard.edu/abs/2011arXiv1106.2002K},
	adsnote = {Provided by the SAO/NASA Astrophysics Data System}
   }
	month = jun,

    @conference{2010LyakhovskyNazarovMQFT,
        author={{Lyakhovsky}, V. and {Nazarov}, A.},
	title="{Branching functions generated by the injection fan for Lie algebras. (The role of BGG-resolvent)}",
	booktitle={Models in Quantum Field Theory},
	year=2010,
	organization = {SPbSU},
	pages = {12},
	url={http://hep.niif.spbu.ru/conf/mktp2010/}
    }
	month=oct,

    @software{affinemanual,
      title={Affine.m software manual},
      author={Anton Nazarov},
      url={http://naa.github.com/Affine/tree/master/doc/manual.pdf}
      }

    @ARTICLE{2011arXiv1111.6787L,
    author = {{Laykhovsky}, V. and {Nazarov}, A.},
    title = "{Fan, splint and branching rules}",
    journal={Zapiski Nauchnykh Seminarov POMI},
    volume={398},
    pages={162--179},
    year={2012},

    archivePrefix = "arXiv",
    eprint = {1111.6787},
    primaryClass = "math.RT",
    keywords = {Mathematics - Representation Theory, 17B10, 17B22, 20F55},
    adsurl = {http://adsabs.harvard.edu/abs/2011arXiv1111.6787L},
    }

@ARTICLE{2011arXiv1107.4681N,
   author = {{Nazarov}, A.},
    title = "{Affine.m - Mathematica package for computations in representation theory of finite-dimensional and affine Lie algebras}",
  journal = {Computer Physics Communications},
archivePrefix = "arXiv",
   eprint = {1107.4681},
 primaryClass = "math.RT",
 keywords = {Mathematics - Representation Theory, High Energy Physics - Theory, 17B10, 17-04,, G.2.1, G.4},
     year = 2012,
   adsurl = {http://adsabs.harvard.edu/abs/2011arXiv1107.4681N},
  adsnote = {Provided by the SAO/NASA Astrophysics Data System},
  doi={10.1016/j.cpc.2012.06.014},
  volume={183},
  issue={11}, 
  pages={2480--2493}
}
  url={http://dx.doi.org/10.1016/j.cpc.2012.06.014},

  month={November},

  	
	

* Some citations for the article on branching
    @article{fauser2006new,
      title={{New branching rules induced by plethysm}},
      author={Fauser, B. and Jarvis, P.D. and King, R.C. and Wybourne, B.G.},
      journal={J. Phys A: Math. Gen},
      volume={39},
      pages={2611--2655},
      year={2006},
      eprint = {math-ph/0505037},
      doi = {10.1088/0305-4470/39/11/006},
      }

    @article{quella2002branching,
      title={{Branching rules of semi-simple Lie algebras using affine extensions}},
      author={Quella, T.},
      journal={Journal of Physics A-Mathematical and General},
      volume={35},
      number={16},
      pages={3743--3754},
      year={2002},
      eprint = {math-ph/0111020},
      publisher={[London]: The Institute of Physics, 1975-c2006.}
    }
    @article{feigin707principal,
    author = {{Feigin}, B. and {Feigin}, E. and {Jimbo}, M. and {Miwa}, T. and {Mukhin}, E.},
    title = "{Principal \$$\backslash$hat$\{$sl$\}$(3)\$ subspaces and quantum Toda Hamiltonian}",
    archivePrefix = "arXiv",
    eprint = {0707.1635},
    keywords = {Mathematics - Quantum Algebra, Mathematical Physics},
    year = 2007,
    }
    month = jul
		      
* To add:
*** Read this paper and add a citation
*** Add to the proper place

    @article{KostantHeckman1982,
      author={Heckman, G.J.},
      journal={Invent. Math.},
      volume={67},
      year=1982,
      pages={333--356}
      }
      
    @article{Doebner1967Melsheimer,
    author={Doebner, H.D. and Melsheimer, O.},
    title={Graded contractions},
    journal={Nouvo Cimento},
    publisher={ ILA},
    year=1967,
    volume=306
    }

    @article{Nijenhuis1966Richardson,
    author={Nijenhuis, A. and Richardson,  R.W.},
    title= {Deformations of algebras},
    journal={ Bull. Amer. Math. Soc.},
    volume={ 71},
    year={1966},
    pages={1--60}
    }

@book{fuks1986cohomology,
  title={{Cohomology of infinite-dimensional Lie algebras}},
  author={Fuks, D.B. and Gelfand, I. and Sosinskij, A.B.},
  isbn={0306109905},
  year={1986},
  publisher={Consultants bureau}
}
@article{kazhdan1993tensor1,
  title={Tensor structures arising from affine Lie algebras. I},
  author={Kazhdan, D. and Lusztig, G.},
  journal={Journal of the American Mathematical Society},
  volume={6},
  number={4},
  pages={905--947},
  year={1993},
  publisher={JSTOR}
}

@article{kazhdan1993tensor2,
  title={Tensor structures arising from affine Lie algebras. II},
  author={Kazhdan, D. and Lusztig, G.},
  journal={AMERICAN MATHEMATICAL SOCIETY},
  volume={6},
  number={4},
  year={1993}
}

@article{kazhdan1994tensor3,
  title={Tensor structures arising from affine Lie algebras. III},
  author={Kazhdan, D. and Lusztig, G.},
  journal={AMERICAN MATHEMATICAL SOCIETY},
  volume={7},
  number={2},
  year={1994}
}


@article{santachiara2008sle,
  title={SLE in self-dual critical Z (N) spin systems: CFT predictions},
  author={Santachiara, R.},
  journal={Nuclear Physics B},
  volume={793},
  number={3},
  pages={396--424},
  year={2008},
  publisher={Elsevier}
}

@article{gawedzki1999conformal,
  title={Conformal field theory: a case study},
  author={Gawedzki, K.},
  journal={Arxiv preprint hep-th/9904145},
  year={1999}
}
@article{gawdzki1988g,
  title={G/H conformal field theory from gauged WZW model},
  author={Gawdzki, A. and others},
  journal={Physics Letters B},
  volume={215},
  number={1},
  pages={119--123},
  year={1988},
  publisher={Elsevier}
}
@article{schellekens1990field,
  title={Field identification fixed points in the coset construction},
  author={Schellekens, A.N. and Yankielowicz, S.},
  journal={Nuclear Physics B},
  volume={334},
  number={1},
  pages={67--102},
  year={1990},
  publisher={Elsevier}
}
@article{fuchs1996resolution,
  title={The resolution of field identification fixed points in diagonal coset theories},
  author={Fuchs, J. and Schellekens, B. and Schweigert, C.},
  journal={Nuclear Physics B},
  volume={461},
  number={1-2},
  pages={371--404},
  year={1996},
  publisher={Elsevier}
}
@article{rhedin1995gauged,
  title={Gauged WZNW models and coset constructions in relation to string theories},
  author={Rhedin, H.},
  journal={Arxiv preprint hep-th/9512136},
  year={1995}
}
@article{smirnov2001critical,
  title={Critical percolation in the plane: Conformal invariance, Cardy's formula, scaling limits},
  author={Smirnov, S.},
  journal={Comptes Rendus de l'Acad{\'e}mie des Sciences-Series I-Mathematics},
  volume={333},
  number={3},
  pages={239--244},
  year={2001},
  publisher={Elsevier}
}
@article{chelkak2009universality,
  title={Universality in the 2D Ising model and conformal invariance of fermionic observables},
  author={Chelkak, D. and Smirnov, S.},
  journal={Inventiones Mathematicae},
  pages={1--66},
  year={2009},
  publisher={Springer},
  archivePrefix  = "arXiv",
  eprint={0910.2045}
}

@article{chelkak2009universality0,
  title={Universality in the 2D Ising model and conformal invariance of fermionic observables},
  author={Chelkak, D. and Smirnov, S.},
  journal={Arxiv preprint arXiv:0910.2045},
  year={2009}
}
@article{alekseev2010sle,
  title={On SLE martingales in boundary WZW models},
  author={Alekseev, A. and Bytsko, A. and Izyurov, K.},
  issn = {0377-9017},
  keyword = {Physics and Astronomy},
  journal={Letters in Mathematical Physics},
  pages = {243-261},
  volume = {97},
  issue = {3},
  url = {http://dx.doi.org/10.1007/s11005-011-0500-2},
  note = {10.1007/s11005-011-0500-2},
  year = {2011},
  publisher={Springer},
  eprint={1012.3113}
}
@article{werner1840random,
  title={Random planar curves and Schramm-Loewner evolutions},
  author={Werner, W.},
  journal={Lecture Notes in Mathematics},
  volume={2004},
  pages={107--195},
  year={1840}
}
@article{werner2003random,
  title={Random planar curves and Schramm-Loewner evolutions},
  author={Werner, W.},
  journal={Arxiv preprint math/0303354},
  year={2003}
}
@article{bettelheim2005stochastic,
  title={Stochastic Loewner evolution for conformal field theories with Lie group symmetries},
  author={Bettelheim, E. and Gruzberg, IA and Ludwig, AWW and Wiegmann, P.},
  journal={Physical review letters},
  volume={95},
  number={25},
  pages={251601},
  year={2005},
  publisher={APS}
}
@article{gruzberg2006stochastic,
  title={Stochastic geometry of critical curves, Schramm--Loewner evolutions and conformal field theory},
  author={Gruzberg, I.A.},
  journal={Journal of Physics A: Mathematical and General},
  volume={39},
  pages={12601},
  year={2006},
  publisher={IOP Publishing}
}
@article{smirnov2007towards,
  title={Towards conformal invariance of 2D lattice models},
  author={Smirnov, S.},
  journal={Arxiv preprint arXiv:0708.0032},
  year={2007}
}
@article{rimanyi2009conformal,
  title={Conformal blocks in the tensor product of vector representations and localization formulas},
  author={Rimanyi, R. and Varchenko, A.},
  journal={Arxiv preprint arXiv:0911.3253},
  year={2009}
}
@article{friedrich2004conformal,
  title={On conformal field theory and stochastic Loewner evolution},
  author={Friedrich, R. and Kalkkinen, J.},
  journal={Nuclear Physics B},
  volume={687},
  number={3},
  pages={279--302},
  year={2004},
  publisher={Elsevier}
}
@article{ikeda1996coset,
  title={Coset constructions of conformal blocks},
  author={Ikeda, T.},
  journal={Tohoku Mathematical Publications},
  volume={3},
  number={3},
  pages={1--55},
  year={1996},
  publisher={J-STAGE}
}
@article{cardy1989boundary,
  title={Boundary conditions, fusion rules and the Verlinde formula},
  author={Cardy, J.L.},
  journal={Nuclear Physics B},
  volume={324},
  number={3},
  pages={581--596},
  year={1989},
  publisher={Elsevier}
}
@article{cardy1986effect,
  title={Effect of boundary conditions on the operator content of two-dimensional conformally invariant theories},
  author={Cardy, J.L.},
  journal={Nuclear Physics B},
  volume={275},
  number={2},
  pages={200--218},
  year={1986},
  publisher={Elsevier}
}

@article{cardy2004boundary,
  title={Boundary conformal field theory},
  author={Cardy, J.},
  journal={Arxiv preprint hep-th/0411189},
  year={2004}
}
@article{cardy1991bulk,
  title={Bulk and boundary operators in conformal field theory* 1},
  author={Cardy, J.L. and Lewellen, D.C.},
  journal={Physics Letters B},
  volume={259},
  number={3},
  pages={274--278},
  year={1991},
  publisher={Elsevier}
}
@article{rushkin2007critical,
  title={Critical curves in conformally invariant statistical systems},
  author={Rushkin, I. and Bettelheim, E. and Gruzberg, IA and Wiegmann, P.},
  journal={Journal of Physics A: Mathematical and Theoretical},
  volume={40},
  pages={2165},
  year={2007},
  publisher={IOP Publishing}
}
@article{mercat2001integrable,
  title={Integrable and conformal boundary conditions for k parafermions on a cylinder},
  author={Mercat, C. and Pearce, P.A.},
  journal={Journal of Physics A: Mathematical and General},
  volume={34},
  pages={5751},
  year={2001},
  publisher={IOP Publishing}
}
@article{kogan1997knizhnik,
  title={Knizhnik-Zamolodchikov-type equations for gauged WZNW models},
  author={Kogan, I.I. and Lewis, A. and Soloviev, O.A.},
  journal={Arxiv preprint hep-th/9703028},
  year={1997}
}
@article{felder1999geometry,
  title={The geometry of WZW branes},
  author={Felder, G. and Fr{\"o}hlich, J. and Fuchs, J. and Schweigert, C.},
  journal={Arxiv preprint hep-th/9909030},
  year={1999}
}
@article{alekseev1999d,
  title={D-branes in the WZW model},
  author={Alekseev, A.Y. and Schomerus, V.},
  journal={Physical Review D},
  volume={60},
  number={6},
  pages={061901},
  year={1999},
  publisher={APS}
}
@article{figueroa89equivalence,
  title={The equivalence between the gauged WZNW and GKO conformal field theories},
  author={Figueroa-O’Farrill, J.M.},
  journal={ITP Stony Brook preprint ITP-SB-89-41},
  year={1989}
}
@article{ishikawa2003novel,
  title={Novel construction of boundary states in coset conformal field theories},
  author={Ishikawa, H. and Tani, T.},
  journal={Nuclear Physics B},
  volume={649},
  number={1-2},
  pages={205--242},
  year={2003},
  publisher={Elsevier}
}
@article{fuchs2005geometry,
  title={On the geometry of coset branes},
  author={Fuchs, J. and Wurtz, A.},
  journal={Nuclear Physics B},
  volume={724},
  number={3},
  pages={503--528},
  year={2005},
  publisher={Elsevier}
}
@article{fredenhagen2002d,
  title={D-branes in coset models},
  author={Fredenhagen, S. and Schomerus, V.},
  journal={Journal of High Energy Physics},
  volume={2002},
  pages={005},
  year={2002},
  publisher={IOP Publishing}
}
@inproceedings{gawedzki2002boundary,
  title={Boundary wzw, g/h, g/g and cs theories},
  author={Gawedzki, K.},
  booktitle={Annales Henri Poincare},
  volume={3},
  number={5},
  pages={847--881},
  year={2002},
  organization={Springer}
}
@article{picco2008numerical,
  title={Numerical study on Schramm-Loewner Evolution in nonminimal conformal field theories},
  author={Picco, M. and Santachiara, R.},
  journal={Physical review letters},
  volume={100},
  number={1},
  pages={15704},
  year={2008},
  publisher={APS}
}

@article{schweigert2007kac,
  title={Kac-Moody algebras, WZW models, and Verlinde formulae for (non-) simply connected groups},
  author={Schweigert, C. and Germany, M.},
  year={2007},
  publisher={Citeseer}
}
@article{bauer2003sle,
  title={SLE martingales and the Virasoro algebra},
  author={Bauer, M. and Bernard, D.},
  journal={Physics Letters B},
  volume={557},
  number={3-4},
  pages={309--316},
  year={2003},
  publisher={Elsevier}
}
@inproceedings{bauer2004conformal,
  title={Conformal transformations and the SLE partition function martingale},
  author={Bauer, M. and Bernard, D.},
  booktitle={Annales Henri Poincare},
  volume={5},
  number={2},
  pages={289--326},
  year={2004},
  organization={Springer}
}
@article{Cardy:2005kh,
      author         = "Cardy, John L.",
      title          = "{SLE for theoretical physicists}",
      journal        = "Annals Phys.",
      volume         = "318",
      pages          = "81-118",
      doi            = "10.1016/j.aop.2005.04.001",
      year           = "2005",
      eprint         = "cond-mat/0503313",
      archivePrefix  = "arXiv",
      primaryClass   = "cond-mat",
}
@article{Rasmussen:2004xr,
      author         = "Rasmussen, Jorgen",
      title          = "{On SU(2) Wess-Zumino-Witten models and stochastic
                        evolutions}",
      journal        = "Afr.J.Math.Phys.",
      volume         = "4",
      pages          = "1-9",
      year           = "2007",
      eprint         = "hep-th/0409026",
      archivePrefix  = "arXiv",
      primaryClass   = "hep-th",
}

*** D-branes in coset models
***** TODO Read
@article{elitzur2002d,
  title={D-branes on a gauged WZW model},
  author={Elitzur, S. and Sarkissian, G.},
  journal={Nuclear Physics B},
  volume={625},
  number={1-2},
  pages={166--178},
  year={2002},
  publisher={Elsevier}
}


@article{richter2008splints,
   author = {Richter, David},
   affiliation = {Department of Mathematics, MS 5248, Western Michigan University, Kalamazoo, MI 49008-5248, USA},
   journal = {Journal of Geometry},
   publisher = {Birkhäuser Basel},
   issn = {0047-2468},
   keyword = {Mathematics and Statistics},
   pages = {103-117},
   volume = {103},
   issue = {1},
   year = {2012},

  title={Splints of classical root systems},
  archivePrefix = {arXiv},
  eprint={0807.0640}

}
   url = {http://dx.doi.org/10.1007/s00022-012-0109-3},

   note = {10.1007/s00022-012-0109-3},

  year={2008}
  journal={Arxiv preprint arXiv:0807.0640},
* SLE
@article{schramm2000scaling,
  title={Scaling limits of loop-erased random walks and uniform spanning trees},
  author={Schramm, O.},
  journal={Israel Journal of Mathematics},
  volume={118},
  number={1},
  pages={221--288},
  year={2000},
  publisher={Springer}
}
@article{cardy1992critical,
  title={Critical percolation in finite geometries},
  author={Cardy, J.L.},
  journal={Journal of Physics A: Mathematical and General},
  volume={25},
  pages={L201},
  year={1992},
  publisher={IOP Publishing}
}
@inproceedings{makarov2010off,
  title={Off-critical lattice models and massive SLEs},
  author={Makarov, N. and Smirnov, S.},
  booktitle={XVI International Congress on Mathematical Physics. Held 3-8 August 2009 in Prague, Czech Republic.},
  editor = {Pavel Exner},
  publisher = {World Scientific Publishing Co. Pte. Ltd.},
  ISBN = {9789814304634},
  volume={1},
  pages={362--371},
  year={2010},
  eprint={0909.5377}
}

@article{rohde2005basic,
  title={Basic properties of SLE},
  author={Rohde, S. and Schramm, O.},
  journal={Annals of mathematics},
  pages={883--924},
  year={2005},
  publisher={JSTOR}
}
@article{schramm2006conformally,
  title={Conformally invariant scaling limits (an overview and a collection of problems)},
  author={Schramm, O.},
  journal={Arxiv preprint math/0602151},
  year={2006}
}
@article{schramm2005sle,
  title={SLE coordinate changes},
  author={Schramm, O. and Wilson, D.B.},
  journal={New York J. Math},
  volume={11},
  pages={659--669},
  year={2005}
}
@article{chelkak2009universality,
  title={Universality in the 2D Ising model and conformal invariance of fermionic observables},
  author={Chelkak, D. and Smirnov, S.},
  journal={Arxiv preprint arXiv:0910.2045},
  year={2009}
}
@article{duminil2011conformal,
  title={Conformal invariance of lattice models},
  author={Duminil-Copin, H. and Smirnov, S.},
  journal={Arxiv preprint arXiv:1109.1549},
  year={2011}
}
@article{bauer20062d,
  title={2D growth processes: SLE and Loewner chains},
  author={Bauer, M. and Bernard, D.},
  journal={Physics reports},
  volume={432},
  number={3-4},
  pages={115--221},
  year={2006},
  publisher={Elsevier}
}
@article{bauer2004sle,
  title={SLE, CFT and zig-zag probabilities},
  author={Bauer, M. and Bernard, D.},
  journal={Arxiv preprint math-ph/0401019},
  year={2004}
}
@article{bauer2002sle,
  title={SLE [kappa] growth processes and conformal field theories},
  author={Bauer, M. and Bernard, D.},
  journal={Physics Letters B},
  volume={543},
  number={1-2},
  pages={135--138},
  year={2002},
  publisher={Elsevier}
}
@article{cardy2007ade,
  title={ADE and SLE},
  author={Cardy, J.},
  journal={Journal of Physics A: Mathematical and Theoretical},
  volume={40},
  pages={1427},
  year={2007},
  publisher={IOP Publishing}
}
@article{bauer2003conformal,
  title={Conformal field theories of stochastic Loewner evolutions},
  author={Bauer, M. and Bernard, D.},
  journal={Communications in mathematical physics},
  volume={239},
  number={3},
  pages={493--521},
  year={2003},
  publisher={Springer}
}
@article{bauer2004cfts,
  title={CFTs of SLEs: the radial case},
  author={Bauer, M. and Bernard, D.},
  journal={Physics Letters B},
  volume={583},
  number={3-4},
  pages={324--330},
  year={2004},
  publisher={Elsevier}
}
@article{chelkak2009universality,
  title={Universality in the 2D Ising model and conformal invariance of fermionic observables},
  author={Chelkak, D. and Smirnov, S.},
  journal={Arxiv preprint arXiv:0910.2045},
  year={2009}
}
@article{smirnov2010discrete,
  title={Discrete complex analysis and probability},
  author={Smirnov, S.},
  journal={Arxiv preprint arXiv:1009.6077},
  year={2010}
}

@article{friedrich2003conformal,
  title={Conformal restriction, highest-weight representations and SLE},
  author={Friedrich, R. and Werner, W.},
  journal={Communications in mathematical physics},
  volume={243},
  number={1},
  pages={105--122},
  year={2003},
  publisher={Springer}
}
@article{cardy1984conformal,
  title={Conformal invariance and surface critical behavior},
  author={Cardy, J.L.},
  journal={Nuclear Physics B},
  volume={240},
  number={4},
  pages={514--532},
  year={1984},
  publisher={Elsevier}
}
@article{moore1989classical,
  title={Classical and quantum conformal field theory},
  author={Moore, G. and Seiberg, N.},
  journal={Communications in Mathematical Physics},
  volume={123},
  number={2},
  pages={177--254},
  year={1989},
  publisher={Springer}
}
@article{felder1989structure,
  title={On the structure of unitary conformal field theory. I. Existence of conformal blocks},
  author={Felder, G. and Fr{\"o}hlich, J. and Keller, G.},
  journal={Communications in mathematical physics},
  volume={124},
  number={3},
  pages={417--463},
  year={1989},
  publisher={Springer}
}
@article{segal1987definition,
  title={The definition of conformal field theory},
  author={Segal, G.},
  journal={Differential geometrical methods in theoretical physics (Como, 1987)},
  volume={250},
  pages={165--171},
  year={1987}
}
@book{kac1998vertex,
  title={Vertex algebras for beginners: Victor Kac},
  author={Kac, V.G.},
  volume={10},
  year={1998},
  publisher={Amer Mathematical Society}
}


Taming the conformal Zoo
@article{moore1989taming,
  title={Taming the conformal zoo},
  author={Moore, G. and Seiberg, N.},
  journal={Physics Letters B},
  volume={220},
  number={3},
  pages={422--430},
  year={1989},
  publisher={Elsevier}
}

@article{derk09,
  title={Factorization of-matrix and Baxter-operators for generic sl (N) spin chains},
  author={Derkachov, S.E. and Manashov, A.N.},
  journal={Journal of Physics A: Mathematical and Theoretical},
  volume={42},
  pages={075204},
  year={2009},
  publisher={IOP Publishing}
}

* Add
@book{gannon2006moonshine,
  title={Moonshine beyond the Monster: The bridge connecting algebra, modular forms and physics},
  author={Gannon, T.},
  year={2006},
  publisher={Cambridge Univ Pr}
}

@article{feigin1988,
  title={{Когомологии групп и алгебр Ли}},
  author={Фейгин, Б.Л. and Фукс, Д.Б.},
  journal={Итоги науки и техники. Серия {\guillemotleft}Современные проблемы математики. Фундаментальные направления{\guillemotright}},
  volume={21},
  number={0},
  pages={121--209},
  issn={0202-7488},
  year={1988},
  language = {russian},
  publisher={ВИНИТИ РАН-Всероссийский институт научной и технической информации РАН}
}
@book{fuks1984,
  title={{Когомологии бесконечномерных алгебр Ли}},
  author={Фукс, Д.Б.},
  year={1984},
  language = {russian},
  publisher={Наука, Глав. ред. физико-математической лит-ры, Москва}
}
@article{zamolodchikov1987representations,
  title={Representations of the algebra of “parafermion currents” of spin 4/3 in two-dimensional conformal field theory. Minimal models and the tricritical potts Z 3 model},
  author={Zamolodchikov, A.B. and Fateev, V.A.},
  journal={Theoretical and Mathematical Physics},
  volume={71},
  number={2},
  pages={451--462},
  year={1987},
  publisher={Springer}
}
@article{zamolodchikov1987conformal,
  title={Conformal scalar field on the hyperelliptic curve and critical Ashkin-Teller multipoint correlation functions},
  author={Zamolodchikov, A.B.},
  journal={Nuclear Physics B},
  volume={285},
  pages={481--503},
  year={1987},
  publisher={Elsevier}
}
* Affine Toda field theory
  @article{fateev1990conformal,
    title={Conformal field theory and purely elastic S-matrices},
    author={Fateev, VA and Zamolodchikov, AB},
    journal={Physics and mathematics of strings: memorial volume for Vadim Knizhnik},
    pages={245},
    year={1990},
    publisher={World Scientific Pub Co Inc}
  }
  @article{eguchi1989deformations,
    title={Deformations of conformal field theories and soliton equations},
    author={Eguchi, T. and Yang, S.K.},
    journal={Physics Letters B},
    volume={224},
    number={4},
    pages={373--378},
    year={1989},
    publisher={Elsevier}
  }
  @article{hollowood1989rational,
   title={Rational conformal field theories at, and away from, criticality as Toda field theories},
   author={Hollowood, T.J. and Mansfield, P.},
   journal={Physics Letters B},
   volume={226},
   number={1},
   pages={73--79},
   year={1989},
   publisher={Elsevier}
   }
  @article{stevenson2011domain,
    title={Domain walls and Schramm-Loewner evolution in the random-field Ising model},
    author={Stevenson, J.D. and Weigel, M.},
    journal={EPL (Europhysics Letters)},
    volume={95},
    pages={40001},
    year={2011},
    publisher={IOP Publishing}
  }
    
  @article{coldea2010quantum,
    title={Quantum criticality in an Ising chain: experimental evidence for emergent E8 symmetry},
    author={Coldea, R. and Tennant, DA and Wheeler, EM and Wawrzynska, E. and Prabhakaran, D. and Telling, M. and Habicht, K. and Smeibidl, P. and Kiefer, K.},
    journal={Science},
    volume={327},
    number={5962},
    pages={177--180},
    year={2010},
    publisher={American Association for the Advancement of Science}
  }

  @article{park1994deformed,
    title={Deformed coset models from gauged WZW actions},
    author={Park, Q.H.},
    journal={Physics Letters B},
    volume={328},
    number={3},
    pages={329--336},
    year={1994},
    publisher={Elsevier}
  }
  @article{hollowood1995massive,
    title={Massive integrable soliton theories},
    author={Hollowood, T.J. and Miramontes, J.L. and Park, Q.H.},
    journal={Nuclear Physics B},
    volume={445},
    number={2},
    pages={451--468},
    year={1995},
    publisher={Elsevier}
  }
  @article{bakas1996lagrangian,
    title={Lagrangian formulation of symmetric space sine-Gordon models},
    author={Bakas, I. and Park, Q.H. and Shin, H.J.},
    journal={Physics Letters B},
    volume={372},
    number={1-2},
    pages={45--52},
    year={1996},
    publisher={Elsevier}
  }
  @article{bauer2009off,
    title={Off-critical SLE (2) and SLE (4): a field theory approach},
    author={Bauer, M. and Bernard, D. and Cantini, L.},
    journal={Journal of Statistical Mechanics: Theory and Experiment},
    volume={2009},
    pages={P07037},
    year={2009},
    publisher={IOP Publishing}
  }
* Vertex algebras
*** Classic papers and books
    @article{frenkel1992vertex,
      title={Vertex operator algebras associated to representations of affine and Virasoro algebras},
      author={Frenkel, I.B. and Zhu, Y.},
      journal={Duke Mathematical Journal},
      volume={66},
      number={1},
      pages={123--168},
      year={1992},
      publisher={Duke University Press}
    }
    @book{frenkel1988vertex,
      title={Vertex operator algebras and the Monster},
      author={Frenkel, I. and Lepowsky, J. and Meurman, A.},
      volume={134},
      year={1988},
      publisher={Academic press}
    }
    @article{zhu1996modular,
      title={Modular invariance of characters of vertex operator algebras},
      author={Zhu, Y.},
      journal={Journal of the American Mathematical Society},
      pages={237--302},
      year={1996},
      publisher={JSTOR}
    }
    @book{frenkel2001vertex,
      title={Vertex algebras and algebraic curves},
      author={Frenkel, E. and Ben-Zvi, D.},
      year={2001},
      publisher={American mathematical society}
    }
    @article{borcherds1986vertex,
      title={Vertex algebras, Kac-Moody algebras, and the Monster},
      author={Borcherds, R.E.},
      journal={Proceedings of the National Academy of Sciences},
      volume={83},
      number={10},
      pages={3068--3071},
      year={1986},
      publisher={National Acad Sciences}
    }
                
*** Recent papers
    @article{frenkel2010vertex,
      title={Vertex operator algebras associated to modified regular representations of the Virasoro algebra},
      author={Frenkel, I. and Zhu, M.},
      journal={arXiv preprint arXiv:1012.5443},
      year={2010}
    }
    @article{dong2010structure,
      title={The structure of parafermion vertex operator algebras},
      author={Dong, C. and Lam, C.H. and Wang, Q. and Yamada, H.},
      journal={Journal of Algebra},
      volume={323},
      number={2},
      pages={371--381},
      year={2010},
      publisher={Elsevier}
    }
    @article{adamovic2011some,
      title={Some general results on conformal embeddings of affine vertex operator algebras},
      author={Adamovi{\'c}, D. and Per{\v{s}}e, O.},
      journal={Algebras and Representation Theory},
      pages={1--14},
      year={2011},
      publisher={Springer}
    }
    @article{loney2012decomposition,
      title={Decomposition of Level-1 Representations of D\_4\^{}(1) With Respect to its Subalgebra G\_2\^{}(1) in the Spinor Construction},
      author={Loney, Q.},
      journal={arXiv preprint arXiv:1209.0018},
      year={2012}
    }

    @article{dobrev2007representations,
      title={Representations and characters of the Virasoro algebra and N= 1 super-Virasoro algebras},
      author={Dobrev, VK},
      archivePrefix = {arXiv},
      eprint={0709.0105},
      year={2007}
    }

@article{teo2011luttinger,
  title={From Luttinger liquid to non-Abelian quantum Hall states},
  author={Teo, Jeffrey CY and Kane, CL},
  journal = {},
  eprint    = "1111.2617",
  archivePrefix = "arXiv",
  year={2011}
}
