@book{book:10358,
   title =     {Группы симметрии и элементарные частицы},
   author =    {{Ляховский, В. Д.} and {Болохов, А.А.}.},
   publisher = {ЛГУ},
   isbn =      {},
   year =      {1983},
   series =    {},
   edition =   {},
   volume =    {},
   url =       {http://gen.lib.rus.ec/book/index.php?md5=BDBF2F9B0788EDD51CBD07C7D7D0923F}
}

@book{book:1244385,
   title =     {Элементы теории представлений},
   author =    {Кириллов, А. А.},
   publisher = {Наука},
   isbn =      {},
   year =      {1978},
   series =    {},
   edition =   {2},
   volume =    {},
   url =       {http://gen.lib.rus.ec/book/index.php?md5=afcf884697ac421a535f643bd12447c8}
}

@book{book:855864,
   title =     {Метод индуцированных представлений. Пространство-время и концепция частиц},
   author =    {Менский, М. Б.},
   publisher = {Наука},
   isbn =      {},
   year =      {1976},
   series =    {},
   edition =   {},
   volume =    {},
   url =       {http://gen.lib.rus.ec/book/index.php?md5=26fde3052baf70876779d782d76817a9}
}

@book{book:130300,
   title =     {Теория представлений групп и её приложения},
   author =    {Барут, А. and Рончка, Р.},   
   publisher = {Мир},
   isbn =      {},
   year =      {1980},
   series =    {},
   edition =   {},
   volume =    {т.1},
   url =       {http://gen.lib.rus.ec/book/index.php?md5=984173C5FD5B4D27B98383562F855013}
}

@book{book:130301,
   title =     {Теория представлений групп и её приложения},
   author =    {Барут, А. and Рончка, Р.},
   publisher = {Мир},
   isbn =      {},
   year =      {1980},
   series =    {},
   edition =   {},
   volume =    {т.2},
   url =       {http://gen.lib.rus.ec/book/index.php?md5=5C32D13611C45F23201282121E38A377}
}

@book{book:872634,
   title =     {Математические основы теории симметрий},
   author =    {Голод, П.И. and Климык, А.У. },
   publisher = {РХД},
   isbn =      {5939720528},
   year =      {2001},
   series =    {},
   edition =   {},
   volume =    {},
   url =       {http://gen.lib.rus.ec/book/index.php?md5=049534dcd21a076d4eaaba892dcbac71}
}