@article{belavin1984ics,
  title={{Infinite conformal symmetry in two-dimensional quantum field theory}},
  author={Belavin, AA and Polyakov, AM and Zamolodchikov, AB},
  journal={Nuclear Physics},
  volume={241},
  pages={333--380},
  year={1984}
}
@book{difrancesco1997cft,
  title={{Conformal field theory}},
  author={Di Francesco, P. and Mathieu, P. and Senechal, D.},
  year={1997},
  publisher={Springer}
}
@article{campuzano1985110,
  title={{Au (110)(1$\times$ 2)-to-(1$\times$ 1) phase transition: a physical realization of the two-dimensional Ising model}},
  author={Campuzano, JC and Foster, MS and Jennings, G. and Willis, RF and Unertl, W.},
  journal={Physical Review Letters},
  volume={54},
  number={25},
  pages={2684--2687},
  year={1985},
  publisher={APS}
}
@Article{Polyakov:1970xd,
 	 author    = "Polyakov, Alexander M.",
 	 title     = "{Conformal symmetry of critical fluctuations}",
 	 journal   = "JETP Lett.",
 	 volume    = "12",
 	 year      = "1970",
 	 pages     = "381-383",
 	 SLACcitation  = "%%CITATION = JTPLA,12,381;%%"
}
@article{smirnov2001critical,
  title={{Critical percolation in the plane: Conformal invariance, Cardy's formula, scaling limits}},
  author={Smirnov, S.},
  journal={Comptes Rendus de l'Acad{\'e}mie des Sciences-Series I-Mathematics},
  volume={333},
  number={3},
  pages={239--244},
  year={2001},
  publisher={Elsevier}
}
@article{smirnov2007conformal,
  title={{Conformal invariance in random cluster models. I. Holomorphic fermions in the Ising model}},
  author={Smirnov, S.},
  journal={},
  eprint="0708.0039",
  year={2007}
}
@conference{smirnov2006towards,
  title={{Towards conformal invariance of 2D lattice models}},
  author={Smirnov, S.},
  booktitle={Proceedings of the International Congress of Mathematicians, Madrid},
  volume={2},
  pages={1421--1452},
  year={2006}
}


@book{Vasilev:1027193,
      author       = "Vasilev, A N",
      title        = "The field theoretic renormalization group in critical
                      behavior theory and stochastic dynamics",
      publisher    = "Chapman and Hall",
      address      = "St. Petersburg",
      year         = "1998",
}

@book{belavin2001lect,
  title={{Лекции по теоретической физике}},
  author={Белавин, АА and Кулаков, АГ and Усманов, РА},
  publisher={М.: МЦНМО},
  year={2001}
}

@book{vasiliev1998,
  title={{Квантовополевая ренормгруппа в теории критического поведения и стохастической динамике}},
  author={Васильев, АН},
  year={1998},
  publisher={Изд-во Петербург. ин-та ядер. физики (ПИЯФ) СПб.}
}

@book{vasiliev1976,
  title={{Функциональные методы в квантовой теории поля и статистике}},
  author={Васильев, АН},
  year={1976},
  publisher={Изд-во Ленинградского унив.},
  address={Ленинград}
}

@book{ma1980,
  title={{Современная теория критических явлений}},
  author={Ma, S.},
  year={1980},
  publisher={" Mir"}
}

@book{ma2000modern,
  title={{Modern theory of critical phenomena}},
  author={Ma, S.K.},
  year={2000},
  publisher={Westview Press}
}

@article{zamolodchikov1989rus,
  title={{Конформная теория поля и критические явления в двумерных системах}},
  author={Замолодчиков, АБ and Замолодчиков, А.Б.},
  journal={ИТЭФ, ЦНИИатоминформ, М},
  volume={1990},
  year={1989}
}

@book{zamolodchikov1989conformal,
  title={{Conformal field theory and critical phenomena in two-dimensional systems}},
  author={Zamolodchikov, AB},
  year={1989},
  publisher={Harwood Academic Pub}
}

@article{zamolodchikov1986irreversibility,
  title={{'Irreversibility'of the Flux of the Renormalization Group in a 2-D Field Theory}},
  author={Zamolodchikov, AB},
  journal={JETP Lett},
  volume={43},
  number={730-732},
  pages={9},
  year={1986}
}

@article{Ravanini:2000st,
     author    = "Ravanini, Francesco",
     title     = "{Finite size effects in integrable quantum field
                  theories}",
     year      = "2000",
     eprint    = "hep-th/0102148",
     archivePrefix = "arXiv",
     SLACcitation  = "%%CITATION = HEP-TH/0102148;%%"
}

@book{golod2001,
  title={{Математические основы теории симметрии}},
  author={Голод, ПИ and Климык, АУ},
  publisher={Научн.-изд. центр {\guillemotleft}Регулярная и хаотическая динамика{\guillemotright}, Ижевск},
  year={2001}
}
@Article{Ginsparg:1988ui,
     author    = "Ginsparg, Paul H.",
     title     = "{APPLIED CONFORMAL FIELD THEORY}",
     year      = "1988",
     eprint    = "hep-th/9108028",
     archivePrefix = "arXiv",
     SLACcitation  = "%%CITATION = HEP-TH/9108028;%%"
}

@article {springerlink:10.1134/S1063778810050108,
   author = {Belavin, A. and Tarnopolsky, G.},
   affiliation = {Russian Academy of Sciences Landau Institute for Theoretical Physics Chernogolovka, Moscow oblast 142432 Russia},
   title = {Introduction to string theory and conformal field theory},
   journal = {Physics of Atomic Nuclei},
   publisher = {MAIK Nauka/Interperiodica distributed exclusively by Springer Science+Business Media LLC.},
   issn = {1063-7788},
   keyword = {Physics and Astronomy},
   pages = {848-877},
   volume = {73},
   issue = {5},
   url = {http://dx.doi.org/10.1134/S1063778810050108},
   note = {10.1134/S1063778810050108},
   year = {2010}
}

@article{gaberdiel2000icf,
  title={{An introduction to conformal field theory}},
  author={Gaberdiel, M.R.},
  journal={Reports on Progress in Physics},
  volume={63},
  number={4},
  pages={607--668},
  year={2000},
  publisher={London, The Institute of Physics.},
  eprint = 	 {hep-th/9910156}

}

@Article{Walton:1999xc,
	author    = "Walton, Mark",
	title     = "{Affine Kac-Moody algebras and the Wess-Zumino-Witten model}",
	year      = "1999",
	journal = {},
	eprint    = "hep-th/9911187",
	archivePrefix = "arXiv",
	SLACcitation  = "%%CITATION = HEP-TH/9911187;%%"
}

@book{schottenloher2008mathematical,
  title={{A mathematical introduction to conformal field theory}},
  author={Schottenloher, M.},
  year={2008},
  publisher={Springer Verlag}
}

@book{fuks1986cohomology,
  title={{Cohomology of infinite-dimensional Lie algebras}},
  author={Fuks, D.B. and Gelfand, I. and Sosinskij, A.B.},
  isbn={0306109905},
  year={1986},
  publisher={Consultants bureau}
}

@article{feigin1988,
  title={{Когомологии групп и алгебр Ли}},
  author={Фейгин, Б.Л. and Фукс, Д.Б.},
  journal={Итоги науки и техники. Серия {\guillemotleft}Современные проблемы математики. Фундаментальные направления{\guillemotright}},
  volume={21},
  number={0},
  pages={121--209},
  issn={0202-7488},
  year={1988},
  publisher={ВИНИТИ РАН-Всероссийский институт научной и технической информации РАН}
}
@article{chelkak2009universality,
  title={Universality in the 2D Ising model and conformal invariance of fermionic observables},
  author={Chelkak, D. and Smirnov, S.},
  journal={Arxiv preprint arXiv:0910.2045},
  year={2009}
}
@article{schramm2000scaling,
  title={Scaling limits of loop-erased random walks and uniform spanning trees},
  author={Schramm, O.},
  journal={Israel Journal of Mathematics},
  volume={118},
  number={1},
  pages={221--288},
  year={2000},
  publisher={Springer}
}
  	
@article{0022-3719-6-7-010,
  author={J M Kosterlitz and D J Thouless},
  title={Ordering, metastability and phase transitions in two-dimensional systems},
  journal={Journal of Physics C: Solid State Physics},
  volume={6},
  number={7},
  pages={1181},
  url={http://stacks.iop.org/0022-3719/6/i=7/a=010},
  year={1973},
  abstract={A new definition of order called topological order is proposed for two-dimensional systems in which no long-range order of the conventional type exists. The possibility of a phase transition characterized by a change in the response of the system to an external perturbation is discussed in the context of a mean field type of approximation. The critical behaviour found in this model displays very weak singularities. The application of these ideas to the xy model of magnetism, the solid-liquid transition, and the neutral superfluid are discussed. This type of phase transition cannot occur in a superconductor nor in a Heisenberg ferromagnet.}
}


@article{faddeev1996algebraic,
  title={How Algebraic Bethe Ansatz works for integrable model},
  author={Faddeev, LD},
  journal={arXiv preprint hep-th/9605187},
  year={1996}
}

@article{ReviewAdSCFT,
    year={2012},
    issn={0377-9017},
    journal={Letters in Mathematical Physics},
    volume={99},
    number={1-3},
    doi={10.1007/s11005-011-0529-2},
    title={Review of AdS/CFT Integrability},
    url={http://dx.doi.org/10.1007/s11005-011-0529-2},
    publisher={Springer Netherlands},
    keywords={37K15; 81T13; 81T30; 81U15; gauge theory; string theory; duality; integrability; Bethe ansatz},
    author={Beisert, Niklas and Ahn, Changrim and Alday, LuisF. and Bajnok, Zoltán and Drummond, JamesM. and Freyhult, Lisa and Gromov, Nikolay and Janik, RomualdA. and Kazakov, Vladimir and Klose, Thomas and Korchemsky, GregoryP. and Kristjansen, Charlotte and Magro, Marc and McLoughlin, Tristan and Minahan, JosephA. and Nepomechie, RafaelI. and Rej, Adam and Roiban, Radu and Schäfer-Nameki, Sakura and Sieg, Christoph and Staudacher, Matthias and Torrielli, Alessandro and Tseytlin, ArkadyA. and Vieira, Pedro and Volin, Dmytro and Zoubos, Konstantinos},
    pages={3-32},
    language={English},
     eprint    = "1012.3982",
     archivePrefix = "arXiv"

}

@book{mussardo2010statistical,
  title={Statistical field theory},
  author={Mussardo, Giuseppe},
  year={2010},
  publisher={Oxford University Press Oxford UK}
}

@article{baxter1982exactly,
  title={Exactly solved models in statistical physics},
  author={Baxter, RJ},
  journal={Academic, New York},
  pages={3},
  year={1982}
}

@book{baxter1985rus,
  title={Точно решаемые модели в статистической механике: Пер. с англ},
  author={Бэкстер, Родни and Вольский, ЕП and Дайхин, ЛИ},
  year={1985},
  publisher={Мир}
}
