#;; -*- mode:Org; coding: utf-8; -*-
* Lie theory as an analogue to Galois theory
  @book{gilmore2008lie,
    title={Lie groups, physics, and geometry: an introduction for physicists, engineers and chemists},
    author={Gilmore, R.},
    year={2008},
    publisher={Cambridge University Press}
  }
    
