/home/anton/study/Articles/AffineLieAlgebras/Bibliography/bibliography.bib