/home/anton/study/Articles/AffineLieAlgebras/Thesis/bibliography.bib